













@article{Abbott2017b,
author = {Abbott, B.{\~{}}P. P and Abbott, R and Abbott, T.{\~{}}D. D. and Abernathy, M.{\~{}}R. R. and Ackley, K. and Adams, C. and Addesso, P. and Adhikari, R.{\~{}}X. X. and Adya, V.{\~{}}B. B. and Affeldt, C. and others},
doi = {10.1088/1361-6382/aa51f4},
eprint = {1607.08697},
issn = {0264-9381},
journal = {Classical and Quantum Gravity},
keywords = {Astrophysics - Cosmology and Nongalactic Astrophy,Astrophysics - Instrumentation and Methods for Ast,LIGO,cosmic explorer,gravitational waves},
month = Feb,
number = {4},
pages = {44001},
title = {{Exploring the sensitivity of next generation gravitational wave detectors}},
url = {https://iopscience.iop.org/article/10.1088/1361-6382/aa51f4},
volume = {34},
year = {2017}
}

@article{Abbott2020Prospects,
author = {Abbott, B. P. and Abbott, R. and Abbott, T. D. and Abraham, S. and Acernese, F. and Ackley, K. and Adams, C. and Adya, V. B. and Affeldt, C. and Agathos, M. and others},
doi = {10.1007/s41114-020-00026-9},
isbn = {0123456789},
issn = {2367-3613},
journal = {Living Reviews in Relativity},
keywords = {Data analysis,Electromagnetic counterparts,Gravitational waves,Gravitational-wave detectors},
month = Dec,
number = {1},
pages = {3},
title = {{Prospects for observing and localizing gravitational-wave transients with Advanced LIGO, Advanced Virgo and KAGRA}},
url = {http://link.springer.com/10.1007/s41114-020-00026-9},
volume = {23},
year = {2020}
}










@article{Abrahams1996,
author = {Abrahams, Andrew M. and Price, Richard H.},
doi = {10.1103/PhysRevD.53.1963},
issn = {0556-2821},
journal = {Physical Review D},
month = Feb,
number = {4},
pages = {1963--1971},
title = {{Applying black hole perturbation theory to numerically generated spacetimes}},
url = {https://link.aps.org/doi/10.1103/PhysRevD.53.1963},
volume = {53},
year = {1996}
}

@article{Adhikari2019,
author = {Adhikari, Rana X and Ballmer, Stefan and Barish, Barry and Barsotti, Lisa and Billingsley, Garilynn and Brown, Duncan A and Chen, Yanbei and Coyne, Dennis and Eisenstein, Robert and Evans, Matthew and others},
journal = {Bulletin of the American Astronomical Society},
number = {7},
title = {{Cosmic Explorer: The U.S. Contribution to Gravitational-Wave Astronomy beyond LIGO}},
url = {https://baas.aas.org/pub/2020n7i035},
volume = {51},
year = {2019},
date = {2019-09-30},
note = {https://baas.aas.org/pub/2020n7i035},
}

@article{AdvancedLIGO2015,
author = {Aasi, J and Abbott, B P and Abbott, R and Abbott, T and Abernathy, M R and Ackley, K and Adams, C and Adams, T and Addesso, P and Adhikari, R X and others},
doi = {10.1088/0264-9381/32/7/074001},
issn = {0264-9381},
journal = {Classical and Quantum Gravity},
keywords = {gravitational waves,interferometers,optics,seismic isolation},
month = Apr,
number = {7},
pages = {074001},
title = {{Advanced LIGO}},
url = {https://iopscience.iop.org/article/10.1088/0264-9381/32/7/074001},
volume = {32},
year = {2015}
}

@article{AdvancedVirgo2015,
author = {Acernese, F. and Agathos, M. and Agatsuma, K. and Aisa, D. and Allemandou, N. and Allocca, A. and Amarni, J. and Astone, P. and Balestri, G. and Ballardin, G. and others},
doi = {10.1088/0264-9381/32/2/024001},
issn = {0264-9381},
journal = {Classical and Quantum Gravity},
keywords = {gravitational wave detectors,gravitational waves,laser interferometry},
month = Jan,
number = {2},
pages = {024001},
title = {{Advanced Virgo: a second-generation interferometric gravitational wave detector}},
url = {https://iopscience.iop.org/article/10.1088/0264-9381/32/2/024001},
volume = {32},
year = {2015}
}

@article{Alcubierre2000,
author = {Alcubierre, Miguel and Br{\"{u}}gmann, Bernd and Dramlitsch, Thomas and Font, Jos{\'{e}} A. and Papadopoulos, Philippos and Seidel, Edward and Stergioulas, Nikolaos and Takahashi, Ryoji},
doi = {10.1103/PhysRevD.62.044034},
issn = {0556-2821},
journal = {Physical Review D},
month = Jul,
number = {4},
pages = {044034},
title = {{Towards a stable numerical evolution of strongly gravitating systems in general relativity: The conformal treatments}},
url = {https://link.aps.org/doi/10.1103/PhysRevD.62.044034},
volume = {62},
year = {2000}
}

@article{Alcubierre2001,
author = {Alcubierre, Miguel and Br{\"{u}}gmann, Bernd and Pollney, Denis and Seidel, Edward and Takahashi, Ryoji},
doi = {10.1103/PhysRevD.64.061501},
issn = {0556-2821},
journal = {Physical Review D},
month = Aug,
number = {6},
pages = {061501},
title = {{Black hole excision for dynamic black holes}},
url = {https://link.aps.org/doi/10.1103/PhysRevD.64.061501},
volume = {64},
year = {2001}
}



@article{Alcubierre2001a,
author = {Alcubierre, Miguel and Benger, Werner and Br{\"{u}}gmann, Bernd and Lanfermann, Gerd and Nerger, Lars and Seidel, Edward and Takahashi, Ryoji},
doi = {10.1103/PhysRevLett.87.271103},
issn = {0031-9007},
journal = {Physical Review Letters},
month = Dec,
number = {27},
pages = {271103},
title = {{3D Grazing Collision of Two Black Holes}},
url = {https://link.aps.org/doi/10.1103/PhysRevLett.87.271103},
volume = {87},
year = {2001}
}





@article{Alexander2017,
author = {Alexander, K. D. and Berger, E. and Fong, W. and Williams, P. K. G. and Guidorzi, C. and Margutti, R. and Metzger, B. D. and Annis, J. and Blanchard, P. K. and Brout, D. and others},
doi = {10.3847/2041-8213/aa905d},
issn = {2041-8205},
journal = {The Astrophysical Journal},
keywords = {gravitational waves,gravitational waves,relativistic processes,relativistic processes},
number = {2},
pages = {L21},
publisher = {IOP Publishing},
title = {{The Electromagnetic Counterpart of the Binary Neutron Star Merger LIGO/Virgo GW170817. VI. Radio Constraints on a Relativistic Jet and Predictions for Late-time Emission from the Kilonova Ejecta}},
url = {http://dx.doi.org/10.3847/2041-8213/aa905d},
volume = {848},
year = {2017}
}

@article{Alford2018b,
author = {Alford, Mark G and Harris, Steven P},
doi = {10.1103/PhysRevC.98.065806},
issn = {2469-9985},
journal = {Physical Review C},
month = Dec,
number = {6},
pages = {065806},
title = {{Beta equilibrium in neutron-star mergers}},
url = {https://link.aps.org/doi/10.1103/PhysRevC.98.065806},
volume = {98},
year = {2018}
}



@ARTICLE{Alford2018,
   author = {{Alford}, M.~G. and {Bovard}, L. and {Hanauske}, M. and {Rezzolla}, L. and 
	{Schwenzer}, K.},
    title = "{Viscous Dissipation and Heat Conduction in Binary Neutron-Star Mergers}",
  journal = {Physical Review Letters},
     year = 2018,
    month = Jan,
   volume = 120,
   number = 4,
      eid = {041101},
    pages = {041101},
      doi = {10.1103/PhysRevLett.120.041101},
   adsurl = {http://adsabs.harvard.edu/abs/2018PhRvL.120d1101A},
  adsnote = {Provided by the SAO/NASA Astrophysics Data System}
}


@article{Alic2012,
author = {Alic, Daniela and Bona-Casas, Carles and Bona, Carles and Rezzolla, Luciano and Palenzuela, Carlos},
doi = {10.1103/PhysRevD.85.064040},
issn = {1550-7998},
journal = {Physical Review D},
month = {mar},
number = {6},
pages = {064040},
title = {{Conformal and covariant formulation of the Z4 system with constraint-violation damping}},
url = {https://link.aps.org/doi/10.1103/PhysRevD.85.064040},
volume = {85},
year = {2012}
}



@article{Alic2013,
author = {Alic, Daniela and Kastaun, Wolfgang and Rezzolla, Luciano},
doi = {10.1103/PhysRevD.88.064049},
issn = {1550-7998},
journal = {Physical Review D},
month = Sep,
number = {6},
pages = {064049},
title = {{Constraint damping of the conformal and covariant formulation of the Z4 system in simulations of binary neutron stars}},
url = {http://arxiv.org/abs/1307.7391 http://dx.doi.org/10.1103/PhysRevD.88.064049 https://link.aps.org/doi/10.1103/PhysRevD.88.064049},
volume = {88},
year = {2013}
}


@article{Andersson1995,
author = {Andersson, Nils and Kokkotas, Kostas D. and Schutz, Bernard F.},
doi = {10.1093/mnras/274.4.1039},
issn = {1365-2966},
journal = {Monthly Notices of the Royal Astronomical Society},
month = Jun,
title = {{A new numerical approach to the oscillation modes of relativistic stars}},
url = {http://dx.doi.org/10.1093/mnras/274.4.1039},
year = {1995}
}

@article{Andersson1998b,
author = {Andersson, Nils and Kokkotas, Kostas D.},
doi = {10.1046/j.1365-8711.1998.01840.x},
issn = {0035-8711},
journal = {Monthly Notices of the Royal Astronomical Society},
keywords = {Radiation mechanisms: non-thermal,Stars: neutron},
month = Oct,
number = {4},
pages = {1059--1068},
title = {{Towards gravitational wave asteroseismology}},
url = {http://dx.doi.org/10.1046/j.1365-8711.1998.01840.x},
volume = {299},
year = {1998}
}



@article{Andrade1999,
author = {Andrade, Zeferino and {H. Price}, Richard},
doi = {10.1103/PhysRevD.60.104037},
issn = {15502368},
journal = {Physical Review D - Particles, Fields, Gravitation and Cosmology},
number = {10},
pages = {1--15},
title = {{Excitation of the odd parity quasinormal modes of compact objects}},
volume = {60},
year = {1999}
}


@ARTICLE{Annala2018,
   author = {{Annala}, E. and {Gorda}, T. and {Kurkela}, A. and {Vuorinen}, A.
	},
    title = "{Gravitational-wave constraints on the neutron-star-matter equation of state}",
  journal = {Physical Review Letters},
     year = 2018,
    month = Apr,
   volume = 120,
   number = 17,
      eid = {172703},
    pages = {172703},
      doi = {10.1103/PhysRevLett.120.172703},
   adsurl = {http://adsabs.harvard.edu/abs/2018PhRvL.120q2703A},
  adsnote = {Provided by the SAO/NASA Astrophysics Data System}
}

@article{Antoniadis2013,
author = {Antoniadis, John and Freire, P. C. C. and Wex, Norbert and Tauris, T. M. and Lynch, R. S. and van Kerkwijk, M. H. and Kramer, Michael and Bassa, Cees and Dhillon, V. S. and Driebe, Thomas and others},
doi = {10.1126/science.1233232},
isbn = {1095-9203 (Electronic)$\backslash$r0036-8075 (Linking)},
issn = {0036-8075},
journal = {Science},
keywords = {General relativity,Gravitational Radiation,Neutron Stars,Pulsars,Stellar evolution,Tests of General relativity},
month = Apr,
number = {6131},
pages = {1233232--1233232},
pmid = {23620056},
title = {{A Massive Pulsar in a Compact Relativistic Binary}},
url = {https://www.sciencemag.org/lookup/doi/10.1126/science.1233232},
volume = {340},
year = {2013}
}

}



@ARTICLE{Apostolatos95,
   author = {{Apostolatos}, T.~A.},
    title = "{Search templates for gravitational waves from precessing, inspiraling binaries}",
  journal = {Physical Review D},
     year = 1995,
    month = Jul,
   volume = 52,
    pages = {605-620},
      doi = {10.1103/PhysRevD.52.605},
   adsurl = {http://adsabs.harvard.edu/abs/1995PhRvD..52..605A},
  adsnote = {Provided by the SAO/NASA Astrophysics Data System}
}

@article{Arnowitt2008,
author = {Arnowitt, Richard and Deser, Stanley and Misner, Charles W.},
doi = {10.1007/s10714-008-0661-1},
issn = {0001-7701},
journal = {General Relativity and Gravitation},
month = Sep,
number = {9},
pages = {1997--2027},
primaryClass = {gr-qc},
title = {{Republication of: The dynamics of general relativity}},
url = {http://link.springer.com/10.1007/s10714-008-0661-1},
volume = {40},
year = {2008}
}



@ARTICLE{Ashton2019,
       author = {{Ashton}, Gregory and {H{\"u}bner}, Moritz and {Lasky}, Paul D. and
         {Talbot}, Colm and {Ackley}, Kendall and {Biscoveanu}, Sylvia and
         {Chu}, Qi and {Divakarla}, Atul and Easter, Paul J. and
         {Goncharov}, Boris and others},
        title = "{BILBY: a user-friendly Bayesian inference library for gravitational-wave astronomy}",
      journal = {The Astrophysical Journal Supplement},
         year = "2019",
        month = Apr,
       volume = {241},
       number = {2},
          eid = {27},
        pages = {27},
          doi = {10.3847/1538-4365/ab06fc},
       adsurl = {https://ui.adsabs.harvard.edu/abs/2019ApJS..241...27A},
      adsnote = {Provided by the SAO/NASA Astrophysics Data System}
}


@article{Bailes2019,
author = "Bailes, Matthew and others",
title = "{Ground-Based Gravitational-Wave Astronomy in Australia: 2019 White Paper}",
eprint = "1912.06305",
journal = {arXiv e-prints},
archivePrefix = "arXiv",
primaryClass = "astro-ph.IM",
month = "12",
year = "2019"
}


@article{Baiotti2005,
author = {Baiotti, Luca and Hawke, Ian and Montero, Pedro J. and L{\"{o}}ffler, Frank and Rezzolla, Luciano and Stergioulas, Nikolaos and Font, Jos{\'{e}} A. and Seidel, Ed},
doi = {10.1103/PhysRevD.71.024035},
issn = {1550-7998},
journal = {Physical Review D},
month = Jan,
number = {2},
pages = {024035},
title = {{Three-dimensional relativistic simulations of rotating neutron-star collapse to a Kerr black hole}},
url = {http://arxiv.org/abs/gr-qc/0403029 http://dx.doi.org/10.1103/PhysRevD.71.024035 https://link.aps.org/doi/10.1103/PhysRevD.71.024035},
volume = {71},
year = {2005}
}



@article{Baiotti2008,
author = {Baiotti, Luca and Giacomazzo, Bruno and Rezzolla, Luciano},
doi = {10.1103/PhysRevD.78.084033},
isbn = {1550-7998},
issn = {1550-7998},
journal = {Physical Review D},
month = Oct,
number = {8},
pages = {084033},
title = {{Accurate evolutions of inspiralling neutron-star binaries: Prompt and delayed collapse to a black hole}},
url = {https://link.aps.org/doi/10.1103/PhysRevD.78.084033},
volume = {78},
year = {2008}
}



@ARTICLE{Baiotti2017,
   author = {{Baiotti}, L. and {Rezzolla}, L.},
    title = "{Binary neutron star mergers: a review of Einstein's richest laboratory}",
  journal = {Reports on Progress in Physics},
     year = 2017,
    month = Sep,
   volume = 80,
   number = 9,
      eid = {096901},
    pages = {096901},
      doi = {10.1088/1361-6633/aa67bb},
   adsurl = {http://adsabs.harvard.edu/abs/2017RPPh...80i6901B},
  adsnote = {Provided by the SAO/NASA Astrophysics Data System}
}

@article{Baumgarte1999,
author = {Baumgarte, Thomas W. and Shapiro, Stuart L.},
doi = {10.1103/PhysRevD.59.024007},
issn = {0556-2821},
journal = {Physical Review D},
month = Dec,
number = {2},
pages = {024007},
title = {{Numerical integration of Einstein's field equations}},
url = {https://link.aps.org/doi/10.1103/PhysRevD.59.024007},
volume = {59},
year = {1998}
}



@article{Baumgarte2000,
author = {Baumgarte, Thomas W and Shapiro, Stuart L and Shibata, Masaru},
doi = {10.1086/312425},
issn = {0004637X},
journal = {The Astrophysical Journal},
month = Jan,
number = {1},
pages = {L29--L32},
publisher = {{\{}IOP{\}} Publishing},
title = {{On the maximum mass of differentially rotating neutron stars}},
volume = {528},
year = {2000}
}

@article{Bauswein2010,
author = {Bauswein, A. and Janka, H.-T. and Oechslin, R.},
doi = {10.1103/PhysRevD.82.084043},
issn = {1550-7998},
journal = {Physical Review D},
month = Oct,
number = {8},
pages = {084043},
title = {{Testing approximations of thermal effects in neutron star merger simulations}},
url = {https://link.aps.org/doi/10.1103/PhysRevD.82.084043},
volume = {82},
year = {2010}
}



@ARTICLE{Bauswein2012,
   author = {{Bauswein}, A. and {Janka}, H.-T.},
    title = "{Measuring neutron-star properties via gravitational waves from neutron-star mergers}",
  journal = {Physical Review Letters},
     year = 2012,
    month = Jan,
   volume = 108,
   number = 1,
      eid = {011101},
    pages = {011101},
      doi = {10.1103/PhysRevLett.108.011101},
   adsurl = {http://adsabs.harvard.edu/abs/2012PhRvL.108a1101B},
  adsnote = {Provided by the SAO/NASA Astrophysics Data System}
}
@article{Bauswein2012a,
author = {Bauswein, A. and Janka, H.-T. and Hebeler, K. and Schwenk, A.},
doi = {10.1103/PhysRevD.86.063001},
issn = {1550-7998},
journal = {Physical Review D},
month = Sep,
number = {6},
pages = {063001},
title = {{Equation-of-state dependence of the gravitational-wave signal from the ring-down phase of neutron-star mergers}},
url = {https://link.aps.org/doi/10.1103/PhysRevD.86.063001},
volume = {86},
year = {2012}
}
@ARTICLE{Bauswein2015,
   author = {{Bauswein}, A. and {Stergioulas}, N.},
    title = "{Unified picture of the post-merger dynamics and gravitational wave emission in neutron star mergers}",
  journal = {Physical Review D},
     year = 2015,
    month = Jun,
   volume = 91,
   number = 12,
      eid = {124056},
    pages = {124056},
      doi = {10.1103/PhysRevD.91.124056},
   adsurl = {http://adsabs.harvard.edu/abs/2015PhRvD..91l4056B},
  adsnote = {Provided by the SAO/NASA Astrophysics Data System}
}
@ARTICLE{Bauswein2016,
       author = {{Bauswein}, Andreas and {Stergioulas}, Nikolaos and {Janka}, Hans-Thomas},
        title = "{Exploring properties of high-density matter through remnants of neutron-star mergers}",
      journal = {European Physical Journal A},
         year = "2016",
        month = "Mar",
       volume = {52},
          eid = {56},
        pages = {56},
          doi = {10.1140/epja/i2016-16056-7},
        archivePrefix = {arXiv},
       adsurl = {https://ui.adsabs.harvard.edu/abs/2016EPJA...52...56B},
      adsnote = {Provided by the SAO/NASA Astrophysics Data System}
}

@ARTICLE{Bauswein2018,
       author = {{Bauswein}, Andreas and {Bastian}, Niels-Uwe F. and
         {Blaschke}, David B. and {Chatziioannou}, Katerina and
         {Clark}, James A. and {Fischer}, Tobias and {Oertel}, Micaela},
        title = "{Identifying a First-Order Phase Transition in Neutron-Star Mergers through Gravitational Waves}",
      journal = {\prl},
     keywords = {Astrophysics - High Energy Astrophysical Phenomena, High Energy Physics - Phenomenology, Nuclear Theory},
         year = "2019",
        month = "Feb",
       volume = {122},
       number = {6},
          eid = {061102},
        pages = {061102},
          doi = {10.1103/PhysRevLett.122.061102},
       adsurl = {https://ui.adsabs.harvard.edu/abs/2019PhRvL.122f1102B},
      adsnote = {Provided by the SAO/NASA Astrophysics Data System}
}

@article{Bauswein2019,
author = {Bauswein, Andreas and Bastian, Niels-Uwe F. and Blaschke, David B. and Chatziioannou, Katerina and Clark, James A. and Fischer, Tobias and Oertel, Micaela},
doi = {10.1103/PhysRevLett.122.061102},
issn = {0031-9007},
journal = {Physical Review Letters},
month = Feb,
number = {6},
pages = {061102},
title = {{Identifying a first-order phase transition in neutron-star mergers through gravitational waves}},
url = {https://link.aps.org/doi/10.1103/PhysRevLett.122.061102 http://dx.doi.org/10.1103/PhysRevLett.122.061102},
volume = {122},
year = {2019}
}

@article{Bauswein2019a,
author = {Bauswein, Andreas and Stergioulas, Nikolaos},
doi = {10.1088/1361-6471/ab2b90},
issn = {0954-3899},
journal = {Journal of Physics G: Nuclear and Particle Physics},
keywords = {asteroseismology,equation of state,gravitational waves,neutron stars,stellar oscillations},
month = Nov,
number = {11},
pages = {113002},
publisher = {IOP Publishing},
title = {{Spectral classification of gravitational-wave emission and equation of state constraints in binary neutron star mergers}},
url = {https://iopscience.iop.org/article/10.1088/1361-6471/ab2b90},
volume = {46},
year = {2019}
}



@book{Becker2009,
address = {Berlin, Heidelberg},
author = {Becker, Werner},
doi = {10.1007/978-3-540-76965-1},
editor = {Becker, Werner},
isbn = {978-3-540-76964-4},
publisher = {Springer Berlin Heidelberg},
series = {Astrophysics and Space Science Library},
title = {{Neutron Stars and Pulsars}},
url = {http://link.springer.com/10.1007/978-3-540-76965-1},
volume = {357},
year = {2009}
}




@article{Bernuzzi2010,
author = {Bernuzzi, Sebastiano and Hilditch, David},
doi = {10.1103/PhysRevD.81.084003},
issn = {1550-7998},
journal = {Physical Review D},
month = Apr,
number = {8},
pages = {084003},
title = {{Constraint violation in free evolution schemes: Comparing the BSSNOK formulation with a conformal decomposition of the Z4 formulation}},
url = {https://link.aps.org/doi/10.1103/PhysRevD.81.084003},
volume = {81},
year = {2010}
}


@article{Bernuzzi2012,
author = {Bernuzzi, Sebastiano and Thierfelder, Marcus and Br{\"{u}}gmann, Bernd},
doi = {10.1103/PhysRevD.85.104030},
issn = {1550-7998},
journal = {Physical Review D},
keywords = {04.25.D-,04.30.Db,95.30.Sf,97.60.Jd,Astrophysics - Cosmology and Extragalactic Astrop,General Relativity and Quantum Cosmology,Neutron stars,Numerical relativity,Relativity and gravitation,Wave generation and sources},
month = May,
number = {10},
pages = {104030},
title = {{Accuracy of numerical relativity waveforms from binary neutron star mergers and their comparison with post-Newtonian waveforms}},
url = {http://dx.doi.org/10.1103/PhysRevD.85.104030},
volume = {85},
year = {2012}
}

@article{Bernuzzi2012b,
author = {Bernuzzi, Sebastiano and Nagar, Alessandro and Thierfelder, Marcus and Br{\"{u}}gmann, Bernd},
doi = {10.1103/PhysRevD.86.044030},
issn = {1550-7998},
journal = {Physical Review D},
keywords = {04.30.Db,Astrophysics - High Energy Astrophysical Phenomen,General Relativity and Quantum Cosmology,Wave generation and sources},
month = Aug,
number = {4},
pages = {044030},
title = {{Tidal effects in binary neutron star coalescence}},
url = {https://link.aps.org/doi/10.1103/PhysRevD.86.044030},
volume = {86},
year = {2012}
}



@ARTICLE{Bernuzzi2014,
       author = {{Bernuzzi}, Sebastiano and {Nagar}, Alessandro and {Balmelli}, Simone and
         {Dietrich}, Tim and {Ujevic}, Maximiliano},
        title = "{Quasiuniversal properties of neutron star mergers}",
      journal = {Physical Review Letters},
         year = "2014",
        month = "May",
       volume = {112},
       number = {20},
          eid = {201101},
        pages = {201101},
          doi = {10.1103/PhysRevLett.112.201101},
       adsurl = {https://ui.adsabs.harvard.edu/abs/2014PhRvL.112t1101B},
      adsnote = {Provided by the SAO/NASA Astrophysics Data System}
}

@ARTICLE{Bernuzzi2015,
   author = {{Bernuzzi}, S. and {Dietrich}, T. and {Nagar}, A.},
    title = "{Modeling the complete gravitational wave spectrum of neutron star mergers}",
  journal = {Physical Review Letters},
     year = 2015,
    month = Aug,
   volume = 115,
   number = 9,
      eid = {091101},
    pages = {091101},
      doi = {10.1103/PhysRevLett.115.091101},
   adsurl = {http://adsabs.harvard.edu/abs/2015PhRvL.115i1101B},
  adsnote = {Provided by the SAO/NASA Astrophysics Data System}
}

@article{Bernuzzi2016b,
author = {Bernuzzi, Sebastiano and Dietrich, Tim},
doi = {10.1103/PhysRevD.94.064062},
issn = {2470-0010},
journal = {Physical Review D},
keywords = {Astrophysics - High Energy Astrophysical Phenomen,General Relativity and Quantum Cosmology},
month = Sep,
number = {6},
pages = {064062},
title = {{Gravitational waveforms from binary neutron star mergers with high-order weighted-essentially-nonoscillatory schemes in numerical relativity}},
url = {https://link.aps.org/doi/10.1103/PhysRevD.94.064062},
volume = {94},
year = {2016}
}




@article{Blanchet1995,
author = {Blanchet, Luc and Damour, Thibault and Iyer, Bala R. and Will, Clifford M. and Wiseman, Alan G.},
doi = {10.1103/PhysRevLett.74.3515},
issn = {00319007},
journal = {Physical Review Letters},
number = {18},
pages = {3515--3518},
title = {{Gravitational-radiation damping of compact binary systems to second post-Newtonian order}},
volume = {74},
year = {1995},
url = {https://link.aps.org/doi/10.1103/PhysRevLett.74.3515}
}


@article{Blanchet2014,
author = {Blanchet, Luc},
doi = {10.12942/lrr-2014-2},
issn = {14338351},
journal = {Living Reviews in Relativity},
keywords = {Gravitational radiation,Inspiralling compact binary,Multipolar expansion,Post-newtonian approximations},
number = {2014},
title = {{Gravitational radiation from post-newtonian sources and inspiralling compact binaries}},
volume = {17},
year = {2014},
url = {http://link.springer.com/10.12942/lrr-2014-2}
}

@article{Bona2003,
author = {Bona, C. and Ledvinka, T. and Palenzuela, C. and {\v{Z}}{\'{a}}{\v{c}}ek, M.},
doi = {10.1103/PhysRevD.67.104005},
issn = {0556-2821},
journal = {Physical Review D},
month = May,
number = {10},
pages = {104005},
title = {{General-covariant evolution formalism for numerical relativity}},
url = {https://link.aps.org/doi/10.1103/PhysRevD.67.104005},
volume = {67},
year = {2003}
}


@article{Bona2004,
author = {Bona, C. and Palenzuela, C.},
doi = {10.1103/PhysRevD.69.104003},
issn = {1550-7998},
journal = {Physical Review D},
month = May,
number = {10},
pages = {104003},
title = {{Dynamical shift conditions for the Z4 and BSSN formalisms}},
url = {https://link.aps.org/doi/10.1103/PhysRevD.69.104003},
volume = {69},
year = {2004}
}




@ARTICLE{Bose2018,
   author = {{Bose}, S. and {Chakravarti}, K. and {Rezzolla}, L. and {Sathyaprakash}, B.~S. and 
	{Takami}, K.},
    title = "{Neutron-star radius from a population of binary neutron star mergers}",
  journal = {Physical Review Letters},
     year = 2018,
    month = Jan,
   volume = 120,
   number = 3,
      eid = {031102},
    pages = {031102},
      doi = {10.1103/PhysRevLett.120.031102},
   adsurl = {http://adsabs.harvard.edu/abs/2018PhRvL.120c1102B},
  adsnote = {Provided by the SAO/NASA Astrophysics Data System}
}

@article{Brandt2000,
author = {Brandt, Steve and Correll, Randall and G{\'{o}}mez, Roberto and Huq, Mijan and Laguna, Pablo and Lehner, Luis and Marronetti, Pedro and Matzner, Richard A. and Neilsen, David and Pullin, Jorge and others},
doi = {10.1103/PhysRevLett.85.5496},
issn = {0031-9007},
journal = {Physical Review Letters},
month = Dec,
number = {26},
pages = {5496--5499},
pmid = {11136030},
title = {{Grazing Collisions of Black Holes via the Excision of Singularities}},
url = {https://link.aps.org/doi/10.1103/PhysRevLett.85.5496},
volume = {85},
year = {2000}
}



@article{Breschi2019,
author = {Breschi, Matteo and Bernuzzi, Sebastiano and Zappa, Francesco and Agathos, Michalis and Perego, Albino and Radice, David and Nagar, Alessandro},
doi = {10.1103/PhysRevD.100.104029},
issn = {2470-0010},
journal = {Physical Review D},
month = Nov,
number = {10},
pages = {104029},
title = {{Kilohertz gravitational waves from binary neutron star remnants: Time-domain model and constraints on extreme matter}},
volume = {100},
year = {2019}
}




@article{Breu2016,
author = {Breu, Cosima and Rezzolla, Luciano},
doi = {10.1093/mnras/stw575},
issn = {0035-8711},
journal = {Monthly Notices of the Royal Astronomical Society},
keywords = {Binaries: general,Gravitational waves,Stars: neutron,binaries: general,gravitational waves,stars: neutron},
month = Jun,
number = {1},
pages = {646--656},
title = {{Maximum mass, moment of inertia and compactness of relativistic stars}},
url = { http://dx.doi.org/10.1093/mnras/stw575 https://academic.oup.com/mnras/article-lookup/doi/10.1093/mnras/stw575},
volume = {459},
year = {2016}
}


@article{Brugmann2004,
author = {Br{\"{u}}gmann, Bernd and Tichy, Wolfgang and Jansen, Nina},
doi = {10.1103/PhysRevLett.92.211101},
issn = {0031-9007},
journal = {Physical Review Letters},
month = May,
number = {21},
pages = {211101},
title = {{Numerical Simulation of Orbiting Black Holes}},
url = {https://link.aps.org/doi/10.1103/PhysRevLett.92.211101 http://arxiv.org/abs/gr-qc/0312112 http://dx.doi.org/10.1103/PhysRevLett.92.211101},
volume = {92},
year = {2004}
}

@article{Brugmann2008,
author = {Br{\"{u}}gmann, Bernd and Gonz{\'{a}}lez, Jos{\'{e}} A. and Hannam, Mark and Husa, Sascha and Sperhake, Ulrich and Tichy, Wolfgang},
doi = {10.1103/PhysRevD.77.024027},
issn = {1550-7998},
journal = {Physical Review D},
month = Jan,
number = {2},
pages = {024027},
title = {{Calibration of moving puncture simulations}},
url = {http://arxiv.org/abs/gr-qc/0610128 http://dx.doi.org/10.1103/PhysRevD.77.024027 https://link.aps.org/doi/10.1103/PhysRevD.77.024027},
volume = {77},
year = {2008}
}



@article{Buonanno1999,
author = {Buonanno, A. and Damour, T.},
doi = {10.1103/PhysRevD.59.084006},
issn = {05562821},
journal = {Physical Review D - Particles, Fields, Gravitation and Cosmology},
number = {8},
pages = {1--24},
title = {{Effective one-body approach to general relativistic two-body dynamics}},
volume = {59},
year = {1999},
url = {https://link.aps.org/doi/10.1103/PhysRevD.59.084006}
}


@article{Byrd1995,
author = {Byrd, Richard H. and Lu, Peihuang and Nocedal, Jorge and Zhu, Ciyou},
doi = {10.1137/0916069},
issn = {1064-8275},
journal = {SIAM Journal on Scientific Computing},
keywords = {1,49,65,ams subject classifications,bound constrained optimization,describe a limited memory,in this paper we,introduction,large-scale optimization,limited memory method,method,nonlinear optimization,quasi-newton,quasi-newton algorithm},
month = Sep,
number = {5},
pages = {1190--1208},
title = {{A Limited Memory Algorithm for Bound Constrained Optimization}},
url = {http://epubs.siam.org/doi/10.1137/0916069},
volume = {16},
year = {1995}
}




@article{Cerda-Duran2010,
author = {Cerd{\'{a}}-Dur{\'{a}}n, Pablo},
doi = {10.1088/0264-9381/27/20/205012},
eprint = {0912.1774},
issn = {02649381},
journal = {Classical and Quantum Gravity},
month = Dec,
number = {20},
title = {{Numerical viscosity in hydrodynamics simulations in general relativity}},
url = {http://dx.doi.org/10.1088/0264-9381/27/20/205012},
volume = {27},
year = {2009}
}




@ARTICLE{Chatziioannou2017,
   author = {{Chatziioannou}, K. and {Clark}, J.~A. and {Bauswein}, A. and 
	{Millhouse}, M. and {Littenberg}, T.~B. and {Cornish}, N.},
    title = "{Inferring the post-merger gravitational wave emission from binary neutron star coalescences}",
  journal = {Physical Review D},
     year = 2017,
    month = Dec,
   volume = 96,
   number = 12,
      eid = {124035},
    pages = {124035},
      doi = {10.1103/PhysRevD.96.124035},
   adsurl = {http://adsabs.harvard.edu/abs/2017PhRvD..96l4035C},
  adsnote = {Provided by the SAO/NASA Astrophysics Data System}
}
@ARTICLE{Clark2016postmerger,
   author = {{Clark}, J.~A. and {Bauswein}, A. and {Stergioulas}, N. and 
	{Shoemaker}, D.},
    title = "{Observing gravitational waves from the post-merger phase of binary neutron star coalescence}",
  journal = {Classical and Quantum Gravity},
     year = 2016,
    month = Apr,
   volume = 33,
   number = 8,
      eid = {085003},
    pages = {085003},
      doi = {10.1088/0264-9381/33/8/085003},
   adsurl = {http://adsabs.harvard.edu/abs/2016CQGra..33h5003C},
  adsnote = {Provided by the SAO/NASA Astrophysics Data System}
}


@article{Chornock2017,
author = {Chornock, R. and Berger, E. and Kasen, D. and Cowperthwaite, P. S. and Nicholl, M. and Villar, V. A. and Alexander, K. D. and Blanchard, P. K. and Eftekhari, T. and Fong, W. and others},
doi = {10.3847/2041-8213/aa905c},
issn = {2041-8205},
journal = {The Astrophysical Journal},
keywords = {abundances,binaries,binaries: close,nuclear reactions,nucleosynthesis,,close,neutron,nuclear reactions,nucleosynthesis,stars},
number = {2},
pages = {L19},
publisher = {IOP Publishing},
title = {{ The Electromagnetic Counterpart of the Binary Neutron Star Merger LIGO/Virgo GW170817. IV. Detection of Near-infrared Signatures of r -process Nucleosynthesis with Gemini-South }},
url = {http://dx.doi.org/10.3847/2041-8213/aa905c},
volume = {848},
year = {2017}
}

@article{Ciolfi2017,
author = {Ciolfi, Riccardo and Kastaun, Wolfgang and Giacomazzo, Bruno and Endrizzi, Andrea and Siegel, Daniel M and Perna, Rosalba},
doi = {10.1103/PhysRevD.95.063016},
issn = {2470-0010},
journal = {Physical Review D},
keywords = {Astrophysics - High Energy Astrophysical Phenomena,General Relativity and Quantum Cosmology},
month = Mar,
number = {6},
pages = {063016},
title = {{General relativistic magnetohydrodynamic simulations of binary neutron star mergers forming a long-lived neutron star}},
url = {https://link.aps.org/doi/10.1103/PhysRevD.95.063016},
volume = {95},
year = {2017}
}

@article{Ciolfi2019,
author = {Ciolfi, Riccardo and Kastaun, Wolfgang and Kalinani, Jay Vijay and Giacomazzo, Bruno},
doi = {10.1103/PhysRevD.100.023005},
issn = {2470-0010},
journal = {Physical Review D},
keywords = {Astrophysics - High Energy Astrophysical Phenomena,Astrophysics - Solar and Stellar Astrophysics,General Relativity and Quantum Cosmology},
month = Apr,
number = {2},
pages = {023005},
title = {{First 100 ms of a long-lived magnetized neutron star formed in a binary neutron star merger}},
url = {http://dx.doi.org/10.1103/PhysRevD.100.023005},
volume = {100},
year = {2019}
}




@article{Ciolfi2020a,
author = {Ciolfi, Riccardo},
doi = {10.1007/s10714-020-02714-x},
issn = {0001-7701},
journal = {General Relativity and Gravitation},
keywords = {Binary neutron stars,Gamma-ray bursts,Gravitational wave sources,Magnetohydrodynamical simulations},
month = Jun,
number = {6},
pages = {59},
publisher = {Springer US},
title = {{The key role of magnetic fields in binary neutron star mergers}},
url = {https://doi.org/10.1007/s10714-020-02714-x http://arxiv.org/abs/2003.07572 http://dx.doi.org/10.1007/s10714-020-02714-x http://link.springer.com/10.1007/s10714-020-02714-x},
volume = {52},
year = {2020}
}

@article{Cornish2015,
author = {Cornish, Neil J and Littenberg, Tyson B},
doi = {10.1088/0264-9381/32/13/135012},
issn = {0264-9381},
journal = {Classical and Quantum Gravity},
month = Jul,
number = {13},
pages = {135012},
title = {{Bayeswave: Bayesian inference for gravitational wave bursts and instrument glitches}},
volume = {32},
year = {2015}
}


@article{Coulter2017,
author = {Coulter, D. A. and Foley, R. J. and Kilpatrick, C. D. and Drout, M. R. and Piro, A. L. and Shappee, B. J. and Siebert, M. R. and Simon, J. D. and Ulloa, N. and Kasen, D. and others},
doi = {10.1126/science.aap9811},
issn = {0036-8075},
journal = {Science},
month = Dec,
number = {6370},
pages = {1556--1558},
pmid = {29038368},
title = {{Swope Supernova Survey 2017a (SSS17a), the optical counterpart to a gravitational wave source}},
url = {https://www.sciencemag.org/lookup/doi/10.1126/science.aap9811},
volume = {358},
year = {2017}
}


@article{Cromartie2020,
author = {Cromartie, H. T. and Fonseca, E. and Ransom, S. M. and Demorest, P. B. and Arzoumanian, Z. and Blumer, H. and Brook, P. R. and DeCesar, M. E. and Dolch, T. and Ellis, J. A. and others},
doi = {10.1038/s41550-019-0880-2},
issn = {2397-3366},
journal = {Nature Astronomy},
month = Jan,
number = {1},
pages = {72--76},
title = {{Relativistic Shapiro delay measurements of an extremely massive millisecond pulsar}},
url = {http://www.nature.com/articles/s41550-019-0880-2},
volume = {4},
year = {2020}
}


@article{Cutler1994,
author = {Cutler, Curt and Flanagan, Ianna E.},
doi = {10.1103/PhysRevD.49.2658},
issn = {05562821},
journal = {Physical Review D},
number = {6},
pages = {2658--2697},
pmid = {10017261},
title = {{Gravitational waves from merging compact binaries: How accurately can one extract the binary's parameters from the inspiral waveform?}},
volume = {49},
year = {1994}
}


@article{Cuoco2020,
author = {Cuoco, Elena and Powell, Jade and Cavagli{\`{a}}, Marco and Ackley, Kendall and Bejger, Micha{\l} and Chatterjee, Chayan and Coughlin, Michael and Coughlin, Scott and Easter, Paul J. and Essick, Reed and others},
doi = {10.1088/2632-2153/abb93a},
issn = {2632-2153},
journal = {Machine Learning: Science and Technology},
month = Dec,
number = {1},
pages = {011002},
title = {{Enhancing gravitational-wave science with machine learning}},
url = {https://iopscience.iop.org/article/10.1088/2632-2153/abb93a},
volume = {2},
year = {2020}
}

@ARTICLE{Damour2010,
   author = {{Damour}, T. and {Nagar}, A.},
    title = "{Effective one body description of tidal effects in inspiralling compact binaries}",
  journal = {\prd},
 keywords = {Post-Newtonian approximation, perturbation theory, related approximations, Gravitational waves: theory, Relativistic stars: structure stability and oscillations},
     year = 2010,
    month = Apr,
   volume = 81,
   number = 8,
      eid = {084016},
    pages = {084016},
      doi = {10.1103/PhysRevD.81.084016},
   adsurl = {http://adsabs.harvard.edu/abs/2010PhRvD..81h4016D},
  adsnote = {Provided by the SAO/NASA Astrophysics Data System}
}


@article{Damour2012,
author = {Damour, Thibault and Nagar, Alessandro and Villain, Lo{\"{i}}c},
doi = {10.1103/PhysRevD.85.123007},
issn = {15507998},
journal = {Physical Review D},
number = {12},
title = {{Measurability of the tidal polarizability of neutron stars in late-inspiral gravitational-wave signals}},
volume = {85},
year = {2012},
url = {https://link.aps.org/doi/10.1103/PhysRevD.85.123007}
}



@ARTICLE{De2018,
   author = {{De}, S. and {Finstad}, D. and {Lattimer}, J.~M. and {Brown}, D.~A. and 
	{Berger}, E. and {Biwer}, C.~M.},
    title = "{Tidal deformabilities and radii of neutron stars from the observation of GW170817}",
  journal = {Physical Review Letters},
     year = 2018,
    month = Aug,
   volume = 121,
   number = 9,
      eid = {091102},
    pages = {091102},
      doi = {10.1103/PhysRevLett.121.091102},
   adsurl = {http://adsabs.harvard.edu/abs/2018PhRvL.121i1102D},
  adsnote = {Provided by the SAO/NASA Astrophysics Data System}
}

@article{DePietri2020,
author = {{De Pietri}, Roberto and Feo, Alessandra and Font, Jos{\'{e}} A. and L{\"{o}}ffler, Frank and Pasquali, Michele and Stergioulas, Nikolaos},
doi = {10.1103/PhysRevD.101.064052},
issn = {2470-0010},
journal = {Physical Review D},
month = Mar,
number = {6},
pages = {064052},
title = {{Numerical-relativity simulations of long-lived remnants of binary neutron star mergers}},
url = {https://link.aps.org/doi/10.1103/PhysRevD.101.064052},
volume = {101},
year = {2020}
}




@article{Dessart2009,
author = {Dessart, Luc and Ott, C. D. and Burrows, Adam and Rosswog, Stefan and Livne, Eli},
doi = {10.1088/0004-637X/690/2/1681},
issn = {0004-637X},
journal = {The Astrophysical Journal},
keywords = {Gamma rays: bursts,Hydrodynamics,Neutrinos,Stars: neutron,Stars: rotation,Supernovae: general},
month = Jan,
number = {2},
pages = {1681--1705},
title = {{Neutrino Signatures and the Neutrino-Driven Wind in Binary Neutron Star Mergers}},
url = {https://iopscience.iop.org/article/10.1088/0004-637X/690/2/1681},
volume = {690},
year = {2009}
}



@article{Dietrich2015,
author = {Dietrich, Tim and Bernuzzi, Sebastiano and Ujevic, Maximiliano and Br{\"{u}}gmann, Bernd},
doi = {10.1103/PhysRevD.91.124041},
issn = {1550-7998},
journal = {Physical Review D},
keywords = {04.25.D-,04.30.Db,95.30.Lz,98.62.Mw,Astrophysics - High Energy Astrophysical Phenomen,Astrophysics - Solar and Stellar Astrophysics,General Relativity and Quantum Cosmology,Hydrodynamics,Infall accretion and accretion disks,Numerical relativity,Wave generation and sources},
month = Jun,
number = {12},
pages = {124041},
title = {{Numerical relativity simulations of neutron star merger remnants using conservative mesh refinement}},
url = {https://link.aps.org/doi/10.1103/PhysRevD.91.124041},
volume = {91},
year = {2015}
}

@article{Dietrich2017,
author = {Dietrich, Tim and Ujevic, Maximiliano and Tichy, Wolfgang and Bernuzzi, Sebastiano and Br{\"{u}}gmann, Bernd},
doi = {10.1103/PhysRevD.95.024029},
issn = {2470-0010},
journal = {Physical Review D},
keywords = {Astrophysics - High Energy Astrophysical Phenomen,Astrophysics - Solar and Stellar Astrophysics,General Relativity and Quantum Cosmology},
month = Jan,
number = {2},
pages = {024029},
title = {{Gravitational waves and mass ejecta from binary neutron star mergers: Effect of the mass ratio}},
url = {https://link.aps.org/doi/10.1103/PhysRevD.95.024029},
volume = {95},
year = {2017}
}



@article{Dietrich2017a,
author = {Dietrich, Tim and Bernuzzi, Sebastiano and Ujevic, Maximiliano and Tichy, Wolfgang},
doi = {10.1103/PhysRevD.95.044045},
issn = {2470-0010},
journal = {Physical Review D},
month = Feb,
number = {4},
pages = {044045},
title = {{Gravitational waves and mass ejecta from binary neutron star mergers: effect of the stars' rotation}},
url = {https://link.aps.org/doi/10.1103/PhysRevD.95.044045},
volume = {95},
year = {2017}
}

@ARTICLE{Dietrich2017b,
   author = {{Dietrich}, T. and {Hinderer}, T.},
    title = "{Comprehensive comparison of numerical relativity and effective-one-body results to inform improvements in waveform models for binary neutron star systems}",
  journal = {Physical Review D},
     year = 2017,
    month = Jun,
   volume = 95,
   number = 12,
      eid = {124006},
    pages = {124006},
      doi = {10.1103/PhysRevD.95.124006},
   adsurl = {http://adsabs.harvard.edu/abs/2017PhRvD..95l4006D},
  adsnote = {Provided by the SAO/NASA Astrophysics Data System}
}

@ARTICLE{Dietrich2018,
   author = {{Dietrich}, T. and {Radice}, D. and {Bernuzzi}, S. and {Zappa}, F. and 
	{Perego}, A. and {Brueugmann}, B. and {Vivekanandji Chaurasia}, S. and 
	{Dudi}, R. and {Tichy}, W. and {Ujevic}, M.},
    title = "{CoRe database of binary neutron star merger waveforms and its application in waveform development}",
  journal = {arXiv e-prints},
archivePrefix = "arXiv",
   eprint = {1806.01625},
     year = 2018,
    month = Jun,
   adsurl = {http://adsabs.harvard.edu/abs/2018arXiv180601625D},
  adsnote = {Provided by the SAO/NASA Astrophysics Data System}
}
@ARTICLE{Dietrich2018a,
   author = {{Dietrich}, T. and {Bernuzzi}, S. and {Br{\"u}gmann}, B. and 
	{Ujevic}, M. and {Tichy}, W.},
    title = "{Numerical relativity simulations of precessing binary neutron star mergers}",
  journal = {\prd},
     year = 2018,
    month = Mar,
   volume = 97,
   number = 6,
      eid = {064002},
    pages = {064002},
      doi = {10.1103/PhysRevD.97.064002},
   adsurl = {http://adsabs.harvard.edu/abs/2018PhRvD..97f4002D},
  adsnote = {Provided by the SAO/NASA Astrophysics Data System}
}
@article{Dietrich2019,
author = {Dietrich, Tim and Khan, Sebastian and Dudi, Reetika and Kapadia, Shasvath J. and Kumar, Prayush and Nagar, Alessandro and Ohme, Frank and Pannarale, Francesco and Samajdar, Anuradha and Bernuzzi, Sebastiano and others},
doi = {10.1103/PhysRevD.99.024029},
issn = {24700029},
journal = {Physical Review D},
number = {2},
pages = {24029},
publisher = {American Physical Society},
title = {{Matter imprints in waveform models for neutron star binaries: Tidal and self-spin effects}},
url = {https://doi.org/10.1103/PhysRevD.99.024029},
volume = {99},
year = {2019}
}

@article{Dietrich2019a,
author = {Dietrich, Tim and Ossokine, Serguei and Clough, Katy},
doi = {10.1088/1361-6382/aaf43e},
issn = {0264-9381},
journal = {Classical and Quantum Gravity},
keywords = {boson stars,gravitational waves,neutron stars,numerical relativity},
month = Jan,
number = {2},
pages = {025002},
publisher = {IOP Publishing},
title = {{Full 3D numerical relativity simulations of neutron star–boson star collisions with BAM}},
url = {http://arxiv.org/abs/1807.06959 http://dx.doi.org/10.1088/1361-6382/aaf43e https://iopscience.iop.org/article/10.1088/1361-6382/aaf43e},
volume = {36},
year = {2019}
}


@article{Dietrich2019b,
author = {Dietrich, Tim and Clough, Katy},
doi = {10.1103/PhysRevD.100.083005},
issn = {24700029},
journal = {Physical Review D},
number = {8},
pages = {83005},
publisher = {American Physical Society},
title = {{Cooling binary neutron star remnants via nucleon-nucleon-axion bremsstrahlung}},
url = {https://doi.org/10.1103/PhysRevD.100.083005},
volume = {100},
year = {2019}
}

@article{Douchin2001,
author = {Douchin, F. and Haensel, P.},
doi = {10.1051/0004-6361:20011402},
issn = {0004-6361},
journal = {Astronomy {\&} Astrophysics},
keywords = {dense matter – equation of state – stars: neutron},
month = Nov,
number = {1},
pages = {151--167},
title = {{A unified equation of state of dense matter and neutron star structure}},
volume = {380},
year = {2001}
}

@article{Droz1999,
author = {Droz, Serge and Knapp, Daniel J and Poisson, Eric and Owen, Benjamin J},
doi = {10.1103/PhysRevD.59.124016},
issn = {0556-2821},
journal = {Physical Review D},
month = May,
number = {12},
pages = {124016},
title = {{Gravitational waves from inspiraling compact binaries: Validity of the stationary-phase approximation to the Fourier transform}},
url = {https://link.aps.org/doi/10.1103/PhysRevD.59.124016},
volume = {59},
year = {1999}
}

@article{Duez2004,
author = {Duez, Matthew D. and Liu, Yuk Tung and Shapiro, Stuart L. and Stephens, Branson C.},
doi = {10.1103/PhysRevD.69.104030},
issn = {1550-7998},
journal = {Physical Review D},
month = May,
number = {10},
pages = {104030},
title = {{General relativistic hydrodynamics with viscosity: Contraction, catastrophic collapse, and disk formation in hypermassive neutron stars}},
url = {https://link.aps.org/doi/10.1103/PhysRevD.69.104030},
volume = {69},
year = {2004}
}


@article{Duez2006,
author = {Duez, Matthew D. and Liu, Yuk Tung and Shapiro, Stuart L. and Shibata, Masaru and Stephens, Branson C.},
doi = {10.1103/PhysRevLett.96.031101},
eprint = {0510653},
issn = {0031-9007},
journal = {Physical Review Letters},
month = Jan,
number = {3},
pages = {031101},
title = {{Collapse of Magnetized Hypermassive Neutron Stars in General Relativity}},
url = {https://link.aps.org/doi/10.1103/PhysRevLett.96.031101},
volume = {96},
year = {2006}
}




@article{Duez2006a,
author = {Duez, Matthew D. and Liu, Yuk Tung and Shapiro, Stuart L. and Shibata, Masaru and Stephens, Branson C.},
doi = {10.1103/PhysRevD.73.104015},
issn = {15507998},
journal = {Physical Review D},
keywords = {Gravitational waves: theory,Numerical relativity,Relativistic stars: structure stability and oscil,Relativistic stars: structure stability and oscill},
month = May,
number = {10},
pages = {1--25},
primaryClass = {astro-ph},
title = {{Evolution of magnetized, differentially rotating neutron stars: Simulations in full general relativity}},
url = {http://dx.doi.org/10.1103/PhysRevD.73.104015},
volume = {73},
year = {2006}
}


@article{Easter2019,
  title = {Computing fast and reliable gravitational waveforms of binary neutron star merger remnants},
  author = {Easter, Paul J. and Lasky, Paul D. and Casey, Andrew R. and Rezzolla, Luciano and Takami, Kentaro},
  journal = {Physical Review D},
  volume = {100},
  issue = {4},
  pages = {043005},
  numpages = {7},
  year = {2019},
  month = Aug,
  publisher = {American Physical Society},
  doi = {10.1103/PhysRevD.100.043005},
  url = {https://link.aps.org/doi/10.1103/PhysRevD.100.043005}
}



@article{Easter2020,
author = {Easter, Paul J. and Ghonge, Sudarshan and Lasky, Paul D. and Casey, Andrew R. and Clark, James A. and {Hernandez Vivanco}, Francisco and Chatziioannou, Katerina},
doi = {10.1103/PhysRevD.102.043011},
issn = {2470-0010},
journal = {Physical Review D},
keywords = {doi:10.1103/PhysRevD.102.043011 url:https://doi.or},
month = Aug,
number = {4},
pages = {043011},
publisher = {American Physical Society},
title = {{Detection and parameter estimation of binary neutron star merger remnants}},
url = {https://link.aps.org/doi/10.1103/PhysRevD.102.043011},
volume = {102},
year = {2020}
}



@article{Easter2021,
archivePrefix = {arXiv},
arxivId = {2106.04064},
journal = {arXiv e-prints},
author = {Easter, Paul J. and Lasky, Paul D. and Casey, Andrew R.},
eprint = {2106.04064},
month = Jun,
title = {{Can we measure the collapse time of a post-merger remnant for a future GW170817-like event?}},
url = {http://arxiv.org/abs/2106.04064},
year = {2021}
}







@article{Foucart2016,
author = {Foucart, Francois and Haas, Roland and Duez, Matthew D. and O'Connor, Evan and Ott, Christian D. and Roberts, Luke and Kidder, Lawrence E. and Lippuner, Jonas and Pfeiffer, Harald P. and Scheel, Mark A.},
doi = {10.1103/PhysRevD.93.044019},
issn = {24700029},
journal = {Physical Review D},
number = {4},
pages = {1--23},
title = {{Low mass binary neutron star mergers: Gravitational waves and neutrino emission}},
volume = {93},
year = {2016}
}

@article{Giacomazzo2007,
author = {Giacomazzo, Bruno and Rezzolla, Luciano},
doi = {10.1088/0264-9381/24/12/S16},
issn = {0264-9381},
journal = {Classical and Quantum Gravity},
month = {Jun},
number = {12},
pages = {S235--S258},
title = {{WhiskyMHD: a new numerical code for general relativistic magnetohydrodynamics}},
url = {https://iopscience.iop.org/article/10.1088/0264-9381/24/12/S16},
volume = {24},
year = {2007}
}



@ARTICLE{Giacomazzo2011,
   author = {{Giacomazzo}, B. and {Rezzolla}, L. and {Baiotti}, L.},
    title = "{Accurate evolutions of inspiralling and magnetized neutron stars: equal-mass binaries}",
  journal = {Physical Review D},
     year = 2011,
    month = Feb,
   volume = 83,
   number = 4,
      eid = {044014},
    pages = {044014},
      doi = {10.1103/PhysRevD.83.044014},
   adsurl = {http://adsabs.harvard.edu/abs/2011PhRvD..83d4014G},
  adsnote = {Provided by the SAO/NASA Astrophysics Data System}
}

@article{Giacomazzo2013,
author = {Giacomazzo, Bruno and Perna, Rosalba},
doi = {10.1088/2041-8205/771/2/L26},
issn = {2041-8205},
journal = {The Astrophysical Journal},
keywords = {gamma-ray burst: general,gravitational waves,methods: numerical,stars: neutron},
month = {Jun},
number = {2},
pages = {L26},
title = {{Formation of stable magnetars from binary neutron star mergers}},
url = {https://iopscience.iop.org/article/10.1088/2041-8205/771/2/L26},
volume = {771},
year = {2013}
}

@article{Giacomazzo2015,
author = {Giacomazzo, Bruno and Zrake, Jonathan and Duffell, Paul C. and MacFadyen, Andrew I. and Perna, Rosalba},
doi = {10.1088/0004-637X/809/1/39},
issn = {1538-4357},
journal = {The Astrophysical Journal},
keywords = {gamma-ray burst: general,magnetohydrodynamics (MHD),methods: numerical,stars: magnetars,stars: neutron},
month = Aug,
number = {1},
pages = {39},
publisher = {IOP Publishing},
title = {{Producing Magnetar Magnetic Fields in the Merger of Binary Neutron Stars}},
url = {https://iopscience.iop.org/article/10.1088/0004-637X/809/1/39},
volume = {809},
year = {2015}
}

@article{Gibbs1899,
author = {GIBBS, J WILLARD},
doi = {10.1038/059606a0},
isbn = {1476-4687},
journal = {Nature},
number = {1539},
pages = {606},
title = {{Fourier's Series}},
url = {https://doi.org/10.1038/059606a0},
volume = {59},
year = {1899}
}



@article{Gill2019,
author = {Gill, Ramandeep and Nathanail, Antonios and Rezzolla, Luciano},
doi = {10.3847/1538-4357/ab16da},
issn = {1538-4357},
journal = {The Astrophysical Journal},
keywords = {gamma-ray burst,gamma-ray burst: general,general,gravitational waves,jets,neutron,out flows,outflows,stars,stars: jets,stars: neutron,stars: winds,winds},
month = May,
number = {2},
pages = {139},
publisher = {IOP Publishing},
title = {{When did the remnant of GW170817 collapse to a black hole?}},
url = {https://iopscience.iop.org/article/10.3847/1538-4357/ab16da},
volume = {876},
year = {2019}
}



@article{Goldstein2017,
author = {Goldstein, A. and Veres, P. and Burns, E. and Briggs, M. S. and Hamburg, R. and Kocevski, D. and Wilson-Hodge, C. A. and Preece, R. D. and Poolakkil, S. and Roberts, O. J. and others},
doi = {10.3847/2041-8213/aa8f41},
issn = {2041-8213},
journal = {The Astrophysical Journal},
keywords = {170817a,gamma-ray burst,gamma-ray burst: individual (170817A),individual},
month = Oct,
number = {2},
pages = {L14},
publisher = {IOP Publishing},
title = {{An Ordinary Short Gamma-Ray Burst with Extraordinary Implications: Fermi -GBM Detection of GRB 170817A}},
url = {https://iopscience.iop.org/article/10.3847/2041-8213/aa8f41},
volume = {848},
year = {2017}
}


@article{Gourgoulhon2001,
author = {Gourgoulhon, Eric and Grandcl{\'{e}}ment, Philippe and Taniguchi, Keisuke and Marck, Jean-Alain and Bonazzola, Silvano},
doi = {10.1103/PhysRevD.63.064029},
issn = {0556-2821},
journal = {Physical Review D},
month = Feb,
number = {6},
pages = {064029},
title = {{Quasiequilibrium sequences of synchronized and irrotational binary neutron stars in general relativity: Method and tests}},
url = {https://link.aps.org/doi/10.1103/PhysRevD.63.064029},
volume = {63},
year = {2001}
}


@article{Gundlach2005,
author = {Gundlach, Carsten and Calabrese, Gioel and Hinder, Ian and Mart{\'{i}}n-Garc{\'{i}}a, Jos{\'{e}} M.},
doi = {10.1088/0264-9381/22/17/025},
issn = {02649381},
journal = {Classical and Quantum Gravity},
number = {17},
pages = {3767--3773},
title = {{Constraint damping in the Z4 formulation and harmonic gauge}},
volume = {22},
year = {2005},
url = {https://iopscience.iop.org/article/10.1088/0264-9381/22/17/025}
}



@article{GW150914Detection,
archivePrefix = {arXiv},
arxivId = {gr-qc/1602.03837},
author = {Abbott, B.{\~{}}P. P. and Abbott, R. and Abbott, T.{\~{}}D. D. and Abernathy, M.{\~{}}R. R. and Acernese, F. and Ackley, K. and Adams, C. and Adams, T. and Addesso, P. and Adhikari, R.{\~{}}X. X. and  others},
doi = {10.1103/PhysRevLett.116.061102},
isbn = {1079-7114 (Electronic) 0031-9007 (Linking)},
issn = {10797114},
journal = {Physical Review Letters},
month = Feb,
number = {6},
pages = {61102},
pmid = {26918975},
title = {{Observation of Gravitational Waves from a Binary Black Hole Merger}},
volume = {116},
year = {2016}
}


@ARTICLE{GW170817Detection,
   author = {{Abbott}, B.~P. and {Abbott}, R. and {Abbott}, T.~D. and {Acernese}, F. and 
	{Ackley}, K. and {Adams}, C. and {Adams}, T. and {Addesso}, P. and 
	{Adhikari}, R.~X. and {Adya}, V.~B. and others},
    title = "{GW170817: observation of gravitational waves from a binary neutron star inspiral}",
  journal = {Physical Review Letters},
     year = 2017,
    month = Oct,
   volume = 119,
   number = 16,
      eid = {161101},
    pages = {161101},
      doi = {10.1103/PhysRevLett.119.161101},
   adsurl = {http://adsabs.harvard.edu/abs/2017PhRvL.119p1101A},
  adsnote = {Provided by the SAO/NASA Astrophysics Data System}
}

@ARTICLE{GW170817Postmerger1,
   author = {{Abbott}, B.~P. and {Abbott}, R. and {Abbott}, T.~D. and {Acernese}, F. and 
	{Ackley}, K. and {Adams}, C. and {Adams}, T. and {Addesso}, P. and 
	{Adhikari}, R.~X. and {Adya}, V.~B. and et al.},
    title = "{Search for Post-merger Gravitational Waves from the Remnant of the Binary Neutron Star Merger GW170817}",
  journal = {\apjl},
 keywords = {gravitational waves, methods: data analysis, stars: neutron},
     year = 2017,
    month = Dec,
   volume = 851,
      eid = {L16},
    pages = {L16},
      doi = {10.3847/2041-8213/aa9a35},
   adsurl = {http://adsabs.harvard.edu/abs/2017ApJ...851L..16A},
  adsnote = {Provided by the SAO/NASA Astrophysics Data System}
}

@ARTICLE{GW170817Postmerger2,
       author = {{Abbott}, B.~P. and {Abbott}, R. and {Abbott}, T.~D. and {Acernese}, F. and
         {Ackley}, K. and {Adams}, C. and {Adams}, T. and {Addesso}, P. and
         {Adhikari}, R.~X. and {Adya}, V.~B. and others},
        title = "{Search for Gravitational Waves from a Long-lived Remnant of the Binary Neutron Star Merger GW170817}",
      journal = {\apj},
     keywords = {gravitational waves, methods: data analysis, stars: neutron, General Relativity and Quantum Cosmology, Astrophysics - High Energy Astrophysical Phenomena},
         year = "2019",
        month = Apr,
       volume = {875},
       number = {2},
          eid = {160},
        pages = {160},
          doi = {10.3847/1538-4357/ab0f3d},
       adsurl = {https://ui.adsabs.harvard.edu/abs/2019ApJ...875..160A},
      adsnote = {Provided by the SAO/NASA Astrophysics Data System}
}

@article{GW170817Properties,
author = {Abbott, B. P. and Abbott, R. and Abbott, T. D. and Acernese, F. and Ackley, K. and Adams, C. and Adams, T. and Addesso, P. and Adhikari, R. X. and Adya, V. B. and others},
doi = {10.1103/PhysRevX.9.011001},
issn = {2160-3308},
journal = {Physical Review X},
month = Jan,
number = {1},
pages = {011001},
publisher = {American Physical Society},
title = {{Properties of the binary neutron star merger GW170817}},
url = {https://link.aps.org/doi/10.1103/PhysRevX.9.011001},
volume = {9},
year = {2019}
}

@article{GW170817multi,
author = {Abbott, B. P. and Abbott, R. and Abbott, T. D. and Acernese, F. and Ackley, K. and Adams, C. and Adams, T. and Addesso, P. and Adhikari, R. X. and Adya, V. B. and others},
doi = {10.3847/2041-8213/aa91c9},
issn = {23318422},
journal = {The Astrophysical Journal Letters},
keywords = {Gravitational waves,Stars: Neutron},
title = {{Multi-messenger observations of a binary neutron star merger}},
year = {2017},
month = Oct,
publisher = {American Astronomical Society},
volume = {848},
number = {2},
pages = {L12},
}



@article{GW190425Detection,
author = {Abbott, B. P. and Abbott, R. and Abbott, T. D. and Abraham, S. and Acernese, F. and Ackley, K. and Adams, C. and Adhikari, R. X. and Adya, V. B. and Affeldt, C. and others},
issn = {2041-8213},
journal = {The Astrophysical Journal},
month = Mar,
number = {1},
pages = {L3},
title = {{GW190425: Observation of a Compact Binary Coalescence with Total Mass {$\sim 3.4 M_\odot$}}},
volume = {892},
year = {2020}
}



@article{GWTC2,
archivePrefix = {arXiv},
arxivId = {2010.14527},
author = {Abbott, R. and Abbott, T. D. and Abraham, S. and Acernese, F. and Ackley, K. and Adams, A. and Adams, C. and Adhikari, R. X. and Adya, V. B. and Affeldt, C. and others},
journal = {arXiv},
eprint = {2010.14527},
pages = {1--52},
title = {{GWTC-2: Compact Binary Coalescences Observed by LIGO and Virgo During the First Half of the Third Observing Run}},
url = {http://arxiv.org/abs/2010.14527},
year = {2020}
}


@article{Harris2020,
author = {Harris, Charles R. and Millman, K. Jarrod and van der Walt, St{\'{e}}fan J. and Gommers, Ralf and Virtanen, Pauli and Cournapeau, David and Wieser, Eric and Taylor, Julian and Berg, Sebastian and Smith, Nathaniel J. and others},
doi = {10.1038/s41586-020-2649-2},
issn = {0028-0836},
journal = {Nature},
month = Sep,
number = {7825},
pages = {357--362},
pmid = {32939066},
publisher = {Springer US},
title = {{Array programming with NumPy}},
url = {http://www.nature.com/articles/s41586-020-2649-2},
volume = {585},
year = {2020}
}


@article{Hild2008,
archivePrefix = {arXiv},
arxivId = {0810.0604},
author = {Hild, Stefan and Chelkowski, Simon and Freise, Andreas},
journal = {arXiv},
eprint = {0810.0604},
month = Oct,
title = {{Pushing towards the ET sensitivity using 'conventional' technology}},
url = {http://arxiv.org/abs/0810.0604},
year = {2008}
}

@article{Hild2011,
author = {Hild, S. and Abernathy, M. and Acernese, F. and Amaro-Seoane, P. and Andersson, N. and Arun, K. and Barone, F. and Barr, B. and Barsuglia, M. and Beker, M. and others},
doi = {10.1088/0264-9381/28/9/094013},
issn = {0264-9381},
journal = {Classical and Quantum Gravity},
month = May,
number = {9},
pages = {094013},
title = {{Sensitivity studies for third-generation gravitational wave observatories}},
url = {https://iopscience.iop.org/article/10.1088/0264-9381/28/9/094013},
volume = {28},
year = {2011}
}

@article{Hilditch2013,
author = {Hilditch, David and Bernuzzi, Sebastiano and Thierfelder, Marcus and Cao, Zhoujian and Tichy, Wolfgang and Br{\"{u}}gmann, Bernd},
doi = {10.1103/PhysRevD.88.084057},
issn = {1550-7998},
journal = {Physical Review D},
month = Oct,
number = {8},
pages = {084057},
title = {{Compact binary evolutions with the Z4c formulation}},
url = {https://link.aps.org/doi/10.1103/PhysRevD.88.084057},
volume = {88},
year = {2013}
}


@article{Hotokezaka2011,
author = {Hotokezaka, Kenta and Kyutoku, Koutarou and Okawa, Hirotada and Shibata, Masaru and Kiuchi, Kenta},
doi = {10.1103/PhysRevD.83.124008},
issn = {1550-7998},
journal = {Physical Review D},
month = {Jun},
number = {12},
pages = {124008},
title = {{Binary neutron star mergers: Dependence on the nuclear equation of state}},
volume = {83},
year = {2011}
}

@ARTICLE{Hotokezaka2013,
   author = {{Hotokezaka}, K. and {Kiuchi}, K. and {Kyutoku}, K. and {Muranushi}, T. and 
	{Sekiguchi}, Y.-i. and {Shibata}, M. and {Taniguchi}, K.},
    title = "{Remnant massive neutron stars of binary neutron star mergers: evolution process and gravitational waveform}",
  journal = {Physical Review D},
     year = 2013,
    month = Aug,
   volume = 88,
   number = 4,
      eid = {044026},
    pages = {044026},
      doi = {10.1103/PhysRevD.88.044026},
   adsurl = {http://adsabs.harvard.edu/abs/2013PhRvD..88d4026H},
  adsnote = {Provided by the SAO/NASA Astrophysics Data System}
}

@article{Hu2020,
author = {Hu, Huanchen and Kramer, Michael and Wex, Norbert and Champion, David J. and Kehl, Marcel S.},
doi = {10.1093/mnras/staa2107},
issn = {13652966},
journal = {Monthly Notices of the Royal Astronomical Society},
keywords = {dense matter,equation of state,gravitation,pulsars: General,pulsars: Individual: J0737-3039A},
number = {3},
pages = {3118--3130},
title = {{Constraining the dense matter equation-of-state with radio pulsars}},
volume = {497},
year = {2020}
}


@article{Hulse1975,
author = {Hulse, R. A. and Taylor, J. H.},
doi = {10.1086/181708},
issn = {0004-637X},
journal = {The Astrophysical Journal},
month = Jan,
number = {483},
pages = {L51},
title = {{Discovery of a pulsar in a binary system}},
url = {http://adsabs.harvard.edu/doi/10.1086/181708},
volume = {195},
year = {1975}
}

@article{Isenberg2008,
author = {Isenberg, James A.},
doi = {10.1142/S0218271808011997},
issn = {0218-2718},
journal = {International Journal of Modern Physics D},
keywords = {Approximations to General Relativity,Gravitational radiation},
month = Feb,
number = {02},
pages = {265--273},
title = {{Waveless Approximation Theories of Gravity}},
url = {https://www.worldscientific.com/doi/abs/10.1142/S0218271808011997},
volume = {17},
year = {2008}
}



@book{Jeffreys61,
  added-at = {2008-09-16T23:39:07.000+0200},
  address = {Oxford, England},
  author = {Jeffreys, H.},
  biburl = {https://www.bibsonomy.org/bibtex/2dae77f8e173ba6a97ef0faed210d0416/brian.mingus},
  booktitle = {Theory of probability},
  description = {CCNLab BibTeX},
  edition = {Third},
  interhash = {0c7cdd766ea31bac344cc9e7caacadf0},
  intrahash = {dae77f8e173ba6a97ef0faed210d0416},
  publisher = {Oxford},
  timestamp = {2008-09-16T23:40:20.000+0200},
  title = {Theory of probability},
  year = 1961
}


@article{Kiuchia2012,
author = {Kiuchi, Kenta and Kyutoku, Koutarou and Shibata, Masaru},
doi = {10.1103/PhysRevD.86.064008},
issn = {1550-7998},
journal = {Physical Review D},
month = Sep,
number = {6},
pages = {064008},
title = {{Three-dimensional evolution of differentially rotating magnetized neutron stars}},
url = {https://link.aps.org/doi/10.1103/PhysRevD.86.064008},
volume = {86},
year = {2012}
}

@article{Kaplan2014,
author = {Kaplan, J. D. and Ott, C. D. and O'Connor, E. P. and Kiuchi, K. and Roberts, L. and Duez, M.},
doi = {10.1088/0004-637X/790/1/19},
issn = {15384357},
journal = {Astrophysical Journal},
keywords = {dense matter,equation of state,stars: neutron},
month = {Jun},
number = {1},
title = {{The Influence of Thermal Pressure on Equilibrium Models of Hypermassive Neutron Star Merger Remnants}},
url = {http://dx.doi.org/10.1088/0004-637X/790/1/19},
volume = {790},
year = {2013}
}


@ARTICLE{Kawamura2016,
   author = {{Kawamura}, T. and {Giacomazzo}, B. and {Kastaun}, W. and {Ciolfi}, R. and 
	{Endrizzi}, A. and {Baiotti}, L. and {Perna}, R.},
    title = "{Binary neutron star mergers and short gamma-ray bursts: Effects of magnetic field orientation, equation of state, and mass ratio}",
  journal = {\prd},
     year = 2016,
    month = Sep,
   volume = 94,
   number = 6,
      eid = {064012},
    pages = {064012},
      doi = {10.1103/PhysRevD.94.064012},
   adsurl = {http://adsabs.harvard.edu/abs/2016PhRvD..94f4012K},
  adsnote = {Provided by the SAO/NASA Astrophysics Data System}
}

@article{Khadkikar2021,
author = {Khadkikar, Sanika and Raduta, Adriana R. and Oertel, Micaela and Sedrakian, Armen},
doi = {10.1103/PhysRevC.103.055811},
issn = {2469-9985},
journal = {Physical Review C},
keywords = {doi:10.1103/PhysRevC.103.055811 url:https://doi.or},
month = May,
number = {5},
pages = {055811},
publisher = {American Physical Society},
title = {{Maximum mass of compact stars from gravitational wave events with finite-temperature equations of state}},
url = {https://link.aps.org/doi/10.1103/PhysRevC.103.055811},
volume = {103},
year = {2021}
}


@article{Kidder2001,
author = {Kidder, Lawrence E. and Scheel, Mark A. and Teukolsky, Saul A.},
doi = {10.1103/PhysRevD.64.064017},
issn = {0556-2821},
journal = {Physical Review D},
month = Aug,
number = {6},
pages = {064017},
title = {{Extending the lifetime of 3D black hole computations with a new hyperbolic system of evolution equations}},
url = {https://link.aps.org/doi/10.1103/PhysRevD.64.064017},
volume = {64},
year = {2001}
}



@article{Kiuchi2014,
author = {Kiuchi, Kenta and Kyutoku, Koutarou and Sekiguchi, Yuichiro and Shibata, Masaru and Wada, Tomohide},
doi = {10.1103/PhysRevD.90.041502},
issn = {1550-7998},
journal = {Physical Review D},
keywords = {04.25.D-,04.30.-w,04.40.Dg,Astrophysics - Cosmology and Nongalactic Astrophy,Astrophysics - High Energy Astrophysical Phenomen,Astrophysics - Solar and Stellar Astrophysics,General Relativity and Quantum Cosmology,Gravitational waves: theory,Numerical relativity,Relativistic stars: structure stability and oscil},
month = Aug,
number = {4},
pages = {041502},
title = {{High resolution numerical relativity simulations for the merger of binary magnetized neutron stars}},
url = {https://link.aps.org/doi/10.1103/PhysRevD.90.041502},
volume = {90},
year = {2014}
}



@article{Kiuchi2015,
author = {Kiuchi, Kenta and Sekiguchi, Yuichiro and Kyutoku, Koutarou and Shibata, Masaru and Taniguchi, Keisuke and Wada, Tomohide},
doi = {10.1103/PhysRevD.92.064034},
issn = {15502368},
journal = {Physical Review D - Particles, Fields, Gravitation and Cosmology},
number = {6},
pages = {1--8},
title = {{High resolution magnetohydrodynamic simulation of black hole-neutron star merger: Mass ejection and short gamma ray bursts}},
volume = {92},
year = {2015}
}








@ARTICLE{Klimenko2016,
   author = {{Klimenko}, S. and {Vedovato}, G. and {Drago}, M. and {Salemi}, F. and 
	{Tiwari}, V. and {Prodi}, G.~A. and {Lazzaro}, C. and {Ackley}, K. and 
	{Tiwari}, S. and {Da Silva}, C.~F. and {Mitselmakher}, G.},
    title = "{Method for detection and reconstruction of gravitational wave transients with networks of advanced detectors}",
  journal = {\prd},
     year = 2016,
    month = Feb,
   volume = 93,
   number = 4,
      eid = {042004},
    pages = {042004},
      doi = {10.1103/PhysRevD.93.042004},
   adsurl = {http://adsabs.harvard.edu/abs/2016PhRvD..93d2004K},
  adsnote = {Provided by the SAO/NASA Astrophysics Data System}
}

@BOOK{Lapack1999, 
AUTHOR = {Anderson, E. and Bai, Z. and Bischof, C. and 
Blackford, S. and Demmel, J. and Dongarra, J. and 
Du Croz, J. and Greenbaum, A. and Hammarling, S. and 
McKenney, A. and others}, 
TITLE = {{LAPACK} Users' Guide}, 
EDITION = {Third}, 
PUBLISHER = {Society for Industrial and Applied Mathematics}, 
YEAR = {1999}, 
ADDRESS = {Philadelphia, PA}, 
ISBN = {0-89871-447-8 (paperback)}  
}

@article{Lasky2011,
author = {Lasky, Paul D and Zink, Burkhard and Kokkotas, Kostas D and Glampedakis, Kostas},
doi = {10.1088/2041-8205/735/1/L20},
issn = {2041-8205},
journal = {The Astrophysical Journal},
month = Jul,
number = {1},
pages = {L20},
title = {{HYDROMAGNETIC INSTABILITIES IN RELATIVISTIC NEUTRON STARS}},
url = {https://iopscience.iop.org/article/10.1088/2041-8205/735/1/L20},
volume = {735},
year = {2011}
}



@article{Lattimer1991,
author = {Lattimer, James M. and {Douglas Swesty}, F.},
doi = {10.1016/0375-9474(91)90452-C},
issn = {03759474},
journal = {Nuclear Physics, Section A},
number = {2},
pages = {331--376},
title = {{A generalized equation of state for hot, dense matter}},
volume = {535},
year = {1991}
}


@article{Lattimer2004,
author = {Lattimer, J.~M. M. and Prakash, M.},
doi = {10.1126/science.1090720},
isbn = {0370-1573},
issn = {0036-8075},
journal = {Science},
month = May,
number = {5670},
pages = {536--542},
pmid = {15105490},
title = {{The Physics of Neutron Stars}},
url = {http://www.sciencemag.org/cgi/doi/10.1126/science.1090720},
volume = {304},
year = {2004}
}

@article{LiuX2020,
author = {Liu, Xiang},
doi = {10.4236/ijaa.2020.101003},
issn = {2161-4717},
journal = {International Journal of Astronomy and Astrophysics},
month = Feb,
number = {01},
pages = {28--38},
title = {{The Remnant of Neutron Star-White Dwarf Merger and the Repeating Fast Radio Bursts}},
url = {https://www.scirp.org/journal/doi.aspx?doi=10.4236/ijaa.2020.101003},
volume = {10},
year = {2020}
}

@article{LiuD2020,
author = {Liu, Dongdong and Wang, Bo},
doi = {10.1093/mnras/staa963},
issn = {0035-8711},
journal = {Monthly Notices of the Royal Astronomical Society},
keywords = {Stars: Evolution,Stars: neutron,Supernovae: General,White dwarfs},
month = May,
number = {3},
pages = {3422--3431},
publisher = {Oxford University Press},
title = {{The formation of single neutron stars from double white-dwarf mergers via accretion-induced collapse}},
url = {https://academic.oup.com/mnras/article/494/3/3422/5824651},
volume = {494},
year = {2020}
}


@article{Littenberg2015,
author = {Littenberg, Tyson B. and Cornish, Neil J.},
doi = {10.1103/PhysRevD.91.084034},
issn = {1550-7998},
journal = {Physical Review D},
month = Apr,
number = {8},
pages = {084034},
title = {{Bayesian inference for spectral estimation of gravitational wave detector noise}},
url = {http://dx.doi.org/10.1103/PhysRevD.91.084034},
volume = {91},
year = {2015}
}

@article{Maione2017,
author = {Maione, Francesco and {De Pietri}, Roberto and Feo, Alessandra and L{\"{o}}ffler, Frank},
doi = {10.1103/PhysRevD.96.063011},
journal = {Physical Review D},
month = Sep,
number = {6},
pages = {063011},
title = {{Spectral analysis of gravitational waves from binary neutron star merger remnants}},
url = {https://link.aps.org/doi/10.1103/PhysRevD.96.063011},
volume = {96},
year = {2017}
}




@article{Manchester2004,
author = {Manchester, R. N.},
doi = {10.1126/science.1097649},
issn = {0036-8075},
journal = {Science},
month = Apr,
number = {5670},
pages = {542--546},
title = {{Observational Properties of Pulsars}},
url = {https://www.sciencemag.org/lookup/doi/10.1126/science.1097649},
volume = {304},
year = {2004}
}

@article{Margalit2017,
author = {Margalit, Ben and Metzger, Brian D.},
doi = {10.3847/2041-8213/aa991c},
issn = {2041-8213},
journal = {The Astrophysical Journal},
keywords = {Astrophysics - High Energy Astrophysical Phenomen,equation of state,gravitational waves,stars: neutron},
month = Nov,
number = {2},
pages = {L19},
title = {{Constraining the Maximum Mass of Neutron Stars from Multi-messenger Observations of GW170817}},
url = {http://stacks.iop.org/2041-8205/850/i=2/a=L19?key=crossref.da29f4901d92bbf6fec28afc8978d41c},
volume = {850},
year = {2017}
}



@article{Margutti2017,
author = {Margutti, R. and Berger, E. and Fong, W. and Guidorzi, C. and Alexander, K. D. and Metzger, B. D. and Blanchard, P. K. and Cowperthwaite, P. S. and Chornock, R. and Eftekhari, T. and others},
doi = {10.3847/2041-8213/aa9057},
issn = {2041-8205},
journal = {The Astrophysical Journal},
keywords = {gravitational waves,neutron,relativistic processes,stars,stars: neutron,gravitational waves,relativistic pr},
number = {2},
pages = {L20},
publisher = {IOP Publishing},
title = {{The Electromagnetic Counterpart of the Binary Neutron Star Merger LIGO/Virgo GW170817. V. Rising X-Ray Emission from an Off-axis Jet}},
url = {http://dx.doi.org/10.3847/2041-8213/aa9057},
volume = {848},
year = {2017}
}



@article{Martynov2019,
author = {Martynov, Denis and Miao, Haixing and Yang, Huan and Vivanco, Francisco Hernandez and Thrane, Eric and Smith, Rory and Lasky, Paul and East, William E and Adhikari, Rana and Bauswein, Andreas and others},
doi = {10.1103/PhysRevD.99.102004},
issn = {2470-0010},
journal = {Physical Review D},
month = May,
number = {10},
pages = {102004},
title = {{Exploring the sensitivity of gravitational wave detectors to neutron star physics}},
volume = {99},
year = {2019}
}

@article{Messenger2014,
author = {Messenger, Chris and Takami, Kentaro and Gossan, Sarah and Rezzolla, Luciano and Sathyaprakash, B. S.},
doi = {10.1103/PhysRevX.4.041004},
issn = {2160-3308},
journal = {Physical Review X},
month = Oct,
number = {4},
pages = {041004},
title = {{Source redshifts from gravitational-wave observations of binary neutron star mergers}},
url = {https://link.aps.org/doi/10.1103/PhysRevX.4.041004 http://arxiv.org/abs/1312.1862 http://dx.doi.org/10.1103/PhysRevX.4.041004},
volume = {4},
year = {2014}
}

@article{Metzger2018,
author = {Metzger, Brian D. and Thompson, Todd A. and Quataert, Eliot},
doi = {10.3847/1538-4357/aab095},
issn = {1538-4357},
journal = {The Astrophysical Journal},
keywords = {1,abundances,from the binary neutron,gravitational waves,gravitational waves,magnetohydrodynamics (MHD),nuclear reactions,nucleosynthesis,abundances,stars: magnetic field,stars: neutron,stars: winds,outflows,kilonova ejecta,magnetic fi eld,magnetohydrodynamics,mhd,neutron,ns,nuclear reactions,nucleosynthesis,out fl ows,source of the blue,star,stars,the gravitational wave chirp,winds},
number = {2},
pages = {101},
publisher = {IOP Publishing},
title = {{A magnetar origin for the kilonova ejecta in GW170817}},
url = {http://dx.doi.org/10.3847/1538-4357/aab095},
volume = {856},
year = {2018}
}




@article{Miller2015,
author = {Miller, John and Barsotti, Lisa and Vitale, Salvatore and Fritschel, Peter and Evans, Matthew and Sigg, Daniel},
doi = {10.1103/PhysRevD.91.062005},
issn = {1550-7998},
journal = {Physical Review D},
month = Mar,
number = {6},
pages = {062005},
title = {{Prospects for doubling the range of Advanced LIGO}},
url = {https://link.aps.org/doi/10.1103/PhysRevD.91.062005},
volume = {91},
year = {2015}
}



@article{Miller2018,
author = {Miller, Andrew and Astone, Pia and D'Antonio, Sabrina and Frasca, Sergio and Intini, Giuseppe and {La Rosa}, Iuri and Leaci, Paola and Mastrogiovanni, Simone and Muciaccia, Federico and Palomba, Cristiano and Piccinni, Ornella J. and Singhal, Akshat and Whiting, Bernard F.},
doi = {10.1103/PhysRevD.98.102004},
issn = {2470-0010},
journal = {Physical Review D},
keywords = {doi:10.1103/PhysRevD.98.102004 url:https://doi.org},
month = Nov,
number = {10},
pages = {102004},
publisher = {American Physical Society},
title = {{Method to search for long duration gravitational wave transients from isolated neutron stars using the generalized frequency-Hough transform}},
url = {https://link.aps.org/doi/10.1103/PhysRevD.98.102004},
volume = {98},
year = {2018}
}


@article{Moncrief1974,
author = {Moncrief, Vincent},
doi = {10.1016/0003-4916(74)90173-0},
issn = {1096035X},
journal = {Annals of Physics},
number = {2},
pages = {323--342},
title = {{Gravitational perturbations of spherically symmetric systems. I. The exterior problem}},
volume = {88},
year = {1974}
}


@ARTICLE{Most2018,
   author = {{Most}, E.~R. and {Weih}, L.~R. and {Rezzolla}, L. and {Schaffner-Bielich}, J.
	},
    title = "{New constraints on radii and tidal deformabilities of neutron stars from GW170817}",
  journal = {Physical Review Letters},
     year = 2018,
    month = Jun,
   volume = 120,
   number = 26,
      eid = {261103},
    pages = {261103},
      doi = {10.1103/PhysRevLett.120.261103},
   adsurl = {http://adsabs.harvard.edu/abs/2018PhRvL.120z1103M},
  adsnote = {Provided by the SAO/NASA Astrophysics Data System}
}
@article{Most2018b,
author = {Most, Elias R and Papenfort, L Jens and Dexheimer, Veronica and Hanauske, Matthias and Schramm, Stefan and St{\"{o}}cker, Horst and Rezzolla, Luciano},
doi = {10.1103/PhysRevLett.122.061101},
issn = {0031-9007},
journal = {Physical Review Letters},
month = Feb,
number = {6},
pages = {061101},
title = {{Signatures of quark-hadron phase transitions in general-relativistic neutron-star mergers}},
url = {http://dx.doi.org/10.1103/PhysRevLett.122.061101 https://link.aps.org/doi/10.1103/PhysRevLett.122.061101},
volume = {122},
year = {2019}
}


@article{Murguia-Berthier2021,
author = {Murguia-Berthier, Ariadna and Ramirez-Ruiz, Enrico and Colle, Fabio De and Janiuk, Agnieszka and Rosswog, Stephan and Lee, William H.},
doi = {10.3847/1538-4357/abd08e},
issn = {0004-637X},
journal = {The Astrophysical Journal},
keywords = {Gamma-ray bursts,Jets},
month = Feb,
number = {2},
pages = {152},
publisher = {IOP Publishing},
title = {{The Fate of the Merger Remnant in GW170817 and Its Imprint on the Jet Structure}},
url = {https://iopscience.iop.org/article/10.3847/1538-4357/abd08e},
volume = {908},
year = {2021}
}




@article{Nagar2005,
author = {Nagar, Alessandro and Rezzolla, Luciano},
doi = {10.1088/0264-9381/22/16/R01},
issn = {0264-9381},
journal = {Classical and Quantum Gravity},
month = Aug,
number = {16},
pages = {R167--R192},
title = {{Gauge-invariant non-spherical metric perturbations of Schwarzschild black-hole spacetimes}},
url = {https://iopscience.iop.org/article/10.1088/0264-9381/22/16/R01},
volume = {22},
year = {2005}
}

@article{Nakamura1987,
author = {Nakamura, Takashi and Oohara, Kenichi and Kojima, Yasufumi},
doi = {10.1143/PTPS.90.1},
issn = {0375-9687},
journal = {Progress of Theoretical Physics Supplement},
pages = {1--218},
title = {{General Relativistic Collapse to Black Holes and Gravitational Waves from Black Holes}},
url = {https://doi.org/10.1143/PTPS.90.1 https://academic.oup.com/ptps/article-lookup/doi/10.1143/PTPS.90.1},
volume = {90},
year = {1987}
}



@inproceedings{Nakamura1994,
title = "{Relativistic cosmology. Proceedings.}",
author = {Nakamura, T},
pages = {155},
crossref = {Sasaki1994}
}


@article{Nakamura1999,
archivePrefix = {arXiv},
arxivId = {gr-qc/9812054},
journal = {arXiv e-prints},
author = {Nakamura, Takashi and Oohara, Ken-Ichi},
doi = {10.1007/978-94-011-4780-4_83},
eprint = {9812054},
month = Dec,
number = {4},
pages = {247--256},
primaryClass = {gr-qc},
title = {{A Way to 3D Numerical Relativity --- Coalescing Binary Neutron Stars ---}},
url = {http://arxiv.org/abs/gr-qc/9812054},
volume = {2},
year = {1998}
}


@article{Neilsen2014,
author = {Neilsen, David and Liebling, Steven L. and Anderson, Matthew and Lehner, Luis and O'Connor, Evan and Palenzuela, Carlos},
doi = {10.1103/PhysRevD.89.104029},
issn = {1550-7998},
journal = {Physical Review D},
month = May,
number = {10},
pages = {104029},
title = {{Magnetized neutron stars with realistic equations of state and neutrino cooling}},
url = {https://link.aps.org/doi/10.1103/PhysRevD.89.104029},
volume = {89},
year = {2014}
}



@article{NEMO2020,
    author = {Ackley, K. and Adya, V. B. and Agrawal, P. and Altin, P. and Ashton, G. and Bailes, M. and Baltinas, E. and Barbuio, A. and Beniwal, D. and Blair, C. and others},
    title = "{Neutron star Extreme Matter Observatory: A kilohertz-band gravitational-wave detector in the global network}",
    doi = "10.1017/pasa.2020.39",
    journal = "Publications of the Astronomical Society of Australia",
    volume = "37",
    pages = "e047",
    year = "2020"
}


@article{New1997,
author = {New, Kimberly C. B. and Tohline, Joel E.},
doi = {10.1086/304861},
issn = {0004-637X},
journal = {The Astrophysical Journal},
month = Nov,
number = {1},
pages = {311--327},
title = {{The relative stability against merger of close, compact binaries}},
url = {http://stacks.iop.org/0004-637X/490/i=1/a=311},
volume = {490},
year = {1997}
}


@article{Nicholl2017,
author = {Nicholl, M. and Berger, E. and Kasen, D. and Metzger, B. D. and Elias, J. and Brice{\~{n}}o, C. and Alexander, K. D. and Blanchard, P. K. and Chornock, R. and Cowperthwaite, P. S. and others},
doi = {10.3847/2041-8213/aa9029},
issn = {2041-8205},
journal = {The Astrophysical Journal},
keywords = {abundances,binaries,binaries: close,gravitational waves,nuclear reacti,close,gravitational waves,neutron,nuclear reactions,nucleosynthesis,stars},
number = {2},
pages = {L18},
publisher = {IOP Publishing},
title = {{The Electromagnetic Counterpart of the Binary Neutron Star Merger LIGO/Virgo GW170817. III. Optical and UV Spectra of a Blue Kilonova from Fast Polar Ejecta}},
url = {http://dx.doi.org/10.3847/2041-8213/aa9029},
volume = {848},
year = {2017}
}



@article{Oechslin2007a,
abstract = {The gravitational wave (GW) emission from a set of relativistic neutron-star (NS) merger simulations is analyzed and characteristic signal features are identified. The distinct peak in the GW energy spectrum that is associated with the formation of a hypermassive merger remnant has a frequency that depends strongly on the properties of the nuclear equation of state (EOS) and on the total mass of the binary system, whereas the mass ratio and the NS spins have a weak influence. If the total mass can be determined from the inspiral chirp signal, the peak frequency of the post-merger signal is a sensitive indicator of the EOS. {\textcopyright} 2007 The American Physical Society.},
author = {Oechslin, R. and Janka, H.-T.},
doi = {10.1103/PhysRevLett.99.121102},
issn = {0031-9007},
journal = {Physical Review Letters},
month = Sep,
number = {12},
pages = {121102},
title = {{Gravitational waves from relativistic neutron-star mergers with microphysical equations of state}},
url = {https://link.aps.org/doi/10.1103/PhysRevLett.99.121102},
volume = {99},
year = {2007}
}

@article{Oliver2019,
author = {Oliver, Miquel and Keitel, David and Sintes, Alicia M.},
doi = {10.1103/PhysRevD.99.104067},
issn = {2470-0010},
journal = {Physical Review D},
keywords = {doi:10.1103/PhysRevD.99.104067 url:https://doi.org},
month = May,
number = {10},
pages = {104067},
publisher = {American Physical Society},
title = {{Adaptive transient Hough method for long-duration gravitational wave transients}},
url = {https://link.aps.org/doi/10.1103/PhysRevD.99.104067},
volume = {99},
year = {2019}
}



@article{Oppenheimer1939,
author = {Oppenheimer, J. R. and Volkoff, G. M.},
doi = {10.1103/PhysRev.55.374},
issn = {0031899X},
journal = {Physical Review},
number = {4},
pages = {374--381},
title = {{On massive neutron cores}},
volume = {55},
year = {1939}
}

@article{Osg07    ,
      author         = "Pordes, Ruth and others",
      title          = "{The Open Science Grid}",
      booktitle      = "{Scientific discovery through advanced computing.
                        Proceedings, 3rd Annual Conference, SciDAC 2007, Boston,
                        USA, June 24-28, 2007}",
      journal        = "J. Phys. Conf. Ser.",
      volume         = "78",
      year           = "2007",
      pages          = "012057",
      doi            = "10.1088/1742-6596/78/1/012057",
      reportNumber   = "FERMILAB-CONF-07-217-CD",
      SLACcitation   = "%%CITATION = 00462,78,012057;%%"
}

@article{Osg09,
      author         = "Sfiligoi, Igor and Bradley, Daniel C. and Holzman, Burt and Mhashilkar, Parag and Padhi, Sanjay and Wurthwrin,
                        Frank",
      title          = "{The pilot way to Grid resources using glideinWMS}",
      journal        = "WRI World Congress",
      volume         = "2",
      year           = "2009",
      pages          = "428-432",
      doi            = "10.1109/CSIE.2009.950",
      reportNumber   = "FERMILAB-CONF-09-373-CD",
      SLACcitation   = "%%CITATION = FERMILAB-CONF-09-373-CD;%%"
}

@article{Paschalidis2012,
author = {Paschalidis, Vasileios and Etienne, Zachariah B. and Shapiro, Stuart L.},
doi = {10.1103/PhysRevD.86.064032},
issn = {1550-7998},
journal = {Physical Review D},
month = Aug,
number = {6},
pages = {064032},
title = {{Importance of cooling in triggering the collapse of hypermassive neutron stars}},
volume = {86},
year = {2012}
}

@article{Perego2014,
author = {Perego, Albino and Rosswog, Stephan and Cabezon, R. M. and Korobkin, Oleg and Kappeli, R. and Arcones, Almudena and Liebendorfer, M.},
doi = {10.1093/mnras/stu1352},
issn = {0035-8711},
journal = {Monthly Notices of the Royal Astronomical Society},
keywords = {Accretion accretion discs,Dense matter,Hydrodynamics,Neutrinos,Stars: neutron},
month = Aug,
number = {4},
pages = {3134--3156},
title = {{Neutrino-driven winds from neutron star merger remnants}},
url = {https://academic.oup.com/mnras/article-lookup/doi/10.1093/mnras/stu1352},
volume = {443},
year = {2014}
}



@article{Perego2019,
author = {Perego, Albino and Bernuzzi, Sebastiano and Radice, David},
doi = {10.1140/epja/i2019-12810-7},
issn = {1434-6001},
journal = {The European Physical Journal A},
keywords = {Astrophysics - High Energy Astrophysical Phenomen,General Relativity and Quantum Cosmology,Nuclear Theory},
month = Aug,
number = {8},
pages = {124},
title = {{Thermodynamics conditions of matter in neutron star mergers}},
url = {http://link.springer.com/10.1140/epja/i2019-12810-7},
volume = {55},
year = {2019}
}

@ARTICLE{Pietri2018,
   author = {{De Pietri}, R. and {Feo}, A. and {Font}, J.~A. and {L{\"o}ffler}, F. and 
	{Maione}, F. and {Pasquali}, M. and {Stergioulas}, N.},
    title = "{Convective Excitation of Inertial Modes in Binary Neutron Star Mergers}",
  journal = {Physical Review Letters},
     year = 2018,
    month = Jun,
   volume = 120,
   number = 22,
      eid = {221101},
    pages = {221101},
      doi = {10.1103/PhysRevLett.120.221101},
   adsurl = {http://adsabs.harvard.edu/abs/2018PhRvL.120v1101D},
  adsnote = {Provided by the SAO/NASA Astrophysics Data System}
}

@article{Pons1999,
author = {Pons, J. A. and Reddy, S. and Prakash, M. and Lattimer, J. M. and Miralles, J. A.},
doi = {10.1086/306889},
issn = {0004-637X},
journal = {The Astrophysical Journal},
month = Mar,
number = {2},
pages = {780--804},
title = {{Evolution of Proto–Neutron Stars}},
url = {https://iopscience.iop.org/article/10.1086/306889},
volume = {513},
year = {1999}
}


@article{PopGWTC2,
archivePrefix = {arXiv},
arxivId = {2010.14533},
author = {{The LIGO Scientific Collaboration} and {the Virgo Collaboration} and Abbott, R. and Abbott, T. D. and Abraham, S. and Acernese, F. and Ackley, K. and Adams, A. and Adams, C. and Adhikari, R. X. and others},
eprint = {2010.14533},
month = Oct,
journal = {arXiv e-prints},
title = {{Population properties of compact objects from the second LIGO-Virgo gravitational-wave transient catalog}},
url = {http://arxiv.org/abs/2010.14533},
year = {2020}
}

@Misc{PSD:Aplus,
 title = "{Unofficial sensitivity curves (ASD) for aLIGO, Kagra, Virgo, Voyager, Cosmic Explorer, and Einstein Telescope}",
 author={{LIGO Scientific Collaboration}},
 type = {LIGO Document},
 number = {LIGO-T1500293-v13},
 note = "https://dcc.ligo.org/LIGO-T1500293",
 year = {2020}
}

@Misc{PSD:CE,
 title = "{Exploring the sensitivity of next generation gravitational wave detectors}",
 author={{LIGO Scientific Collaboration}},
 type = {LIGO Document},
 number = {P1600143-v18},
 note = "https://dcc.ligo.org/LIGO-P1600143/public, curve{\_}data.txt",
 year = {2016}
}

@Misc{PSD:ET,
 title = "{Unofficial sensitivity curves (ASD) for aLIGO, Kagra, Virgo, Voyager, Cosmic Explorer, and Einstein Telescope}",
 author={{LIGO Scientific Collaboration}},
 type = {LIGO Document},
 number = {LIGO-T1500293-v13},
 note = "http://www.et-gw.eu/index.php/etsensitivities",
 year = {2020}
}

@Misc{PSD:aLIGO,
 title = "{Advanced LIGO anticipated sensitivity curves}",
 author={{LIGO Scientific Collaboration}},
 type = {LIGO Document},
 number = {T0900288-v3},
 note = "https://dcc.ligo.org/LIGO-T0900288/public, ZERO{\_}DET{\_}high{\_}P.txt",
 year = {2010}
}
@Misc{PSD:aVirgo,
 title = "{Prospects for observing and localizing gravitational-wave transients with Advanced LIGO, Advanced Virgo and KAGRA}",
 author={{LIGO Scientific Collaboration}},
 type = {LIGO Document},
 number = {LIGO-P1200087-v42},
 note = "https://dcc.ligo.org/LIGO-P1200087-v42/public, fig1{\_}adv{\_}sensitivity.txt",
 year = {2016}
}

@article{Punturo2010,
author = {Punturo, M. and Abernathy, M. and Acernese, F. and Allen, B. and Andersson, N. and Arun, K. and Barone, F. and Barr, B. and Barsuglia, M. and Beker, M. and others},
doi = {10.1088/0264-9381/27/8/084007},
issn = {0264-9381},
journal = {Classical and Quantum Gravity},
month = Apr,
number = {8},
pages = {084007},
title = {{The third generation of gravitational wave observatories and their science reach}},
url = {https://iopscience.iop.org/article/10.1088/0264-9381/27/8/084007},
volume = {27},
year = {2010}
}

@article{Radice2014,
author = {Radice, David and Rezzolla, Luciano and Galeazzi, Filippo},
doi = {10.1093/mnrasl/slt137},
issn = {1745-3925},
journal = {Monthly Notices of the Royal Astronomical Society: Letters},
keywords = {Astrophysics - High Energy Astrophysical Phenomen,General Relativity and Quantum Cosmology,Gravitational waves-stars,Neutron,gravitational waves,stars: neutron},
month = Jan,
number = {1},
pages = {L46--L50},
title = {{Beyond second-order convergence in simulations of binary neutron stars in full general relativity}},
url = {https://academic.oup.com/mnrasl/article-lookup/doi/10.1093/mnrasl/slt137},
volume = {437},
year = {2014}
}



@article{Radice2014b,
author = {Radice, David and Rezzolla, Luciano and Galeazzi, Filippo},
doi = {10.1088/0264-9381/31/7/075012},
issn = {0264-9381},
journal = {Classical and Quantum Gravity},
keywords = {Astrophysics - High Energy Astrophysical Phenomen,General Relativity and Quantum Cosmology,gravitational wave sources,hydrodynamics,numerical relativity,relativity and gravitation},
month = Apr,
number = {7},
pages = {075012},
title = {{High-order fully general-relativistic hydrodynamics: new approaches and tests}},
url = {https://iopscience.iop.org/article/10.1088/0264-9381/31/7/075012},
volume = {31},
year = {2014}
}

@article{Radice2015,
author = {Radice, David and Rezzolla, Luciano and Galeazzi, Filippo},
journal = {Astronomical Society of the Pacific Conference Series},
month = Feb,
pages = {121--126},
title = {{High-Order Numerical-Relativity Simulations of Binary Neutron Stars}},
url = {http://arxiv.org/abs/1502.00551 http://aspbooks.org/a/volumes/article{\_}details/?paper{\_}id=37437},
volume = {498},
year = {2015}
}



@ARTICLE{Radice2016,
       author = {{Radice}, David and {Bernuzzi}, Sebastiano and {Ott}, Christian D.},
        title = "{One-armed spiral instability in neutron star mergers and its detectability in gravitational waves}",
      journal = {Physical Review D},
         year = "2016",
        month = "Sep",
       volume = {94},
       number = {6},
          eid = {064011},
        pages = {064011},
          doi = {10.1103/PhysRevD.94.064011},
       adsurl = {https://ui.adsabs.harvard.edu/abs/2016PhRvD..94f4011R},
      adsnote = {Provided by the SAO/NASA Astrophysics Data System}
}

@article{Radice2016a,
author = {Radice, David and Galeazzi, Filippo and Lippuner, Jonas and Roberts, Luke F. and Ott, Christian D. and Rezzolla, Luciano},
doi = {10.1093/mnras/stw1227},
issn = {0035-8711},
journal = {Monthly Notices of the Royal Astronomical Society},
keywords = {Gravitational waves,Hydrodynamics,Methods: numerical,Neutrinos,Nuclear reactions,Stars: neutron,abundances,nucleosynthesis},
month = Aug,
number = {3},
pages = {3255--3271},
title = {{Dynamical mass ejection from binary neutron star mergers}},
url = {https://academic.oup.com/mnras/article-lookup/doi/10.1093/mnras/stw1227},
volume = {460},
year = {2016}
}


@ARTICLE{Radice2017,
   author = {{Radice}, D.},
    title = "{General-relativistic large-eddy simulations of binary neutron star mergers}",
  journal = {The Astrophysical Journal Letters},
     year = 2017,
    month = Mar,
   volume = 838,
      eid = {L2},
    pages = {L2},
      doi = {10.3847/2041-8213/aa6483},
   adsurl = {http://adsabs.harvard.edu/abs/2017ApJ...838L...2R},
  adsnote = {Provided by the SAO/NASA Astrophysics Data System}
}
@ARTICLE{Radice2017a,
   author = {{Radice}, D. and {Bernuzzi}, S. and {Del Pozzo}, W. and {Roberts}, L.~F. and 
	{Ott}, C.~D.},
    title = "{Probing extreme-density matter with gravitational-wave observations of binary neutron star merger remnants}",
  journal = {The Astrophysical Journal Letters},
     year = 2017,
    month = Jun,
   volume = 842,
      eid = {L10},
    pages = {L10},
      doi = {10.3847/2041-8213/aa775f},
   adsurl = {http://adsabs.harvard.edu/abs/2017ApJ...842L..10R},
  adsnote = {Provided by the SAO/NASA Astrophysics Data System}
}
@ARTICLE{Radice2018,
   author = {{Radice}, D. and {Perego}, A. and {Zappa}, F. and {Bernuzzi}, S.
	},
    title = "{GW170817: joint constraint on the neutron star equation of state from multimessenger observations}",
  journal = {The Astrophysical Journal Letters},
     year = 2018,
    month = Jan,
   volume = 852,
      eid = {L29},
    pages = {L29},
      doi = {10.3847/2041-8213/aaa402},
   adsurl = {http://adsabs.harvard.edu/abs/2018ApJ...852L..29R},
  adsnote = {Provided by the SAO/NASA Astrophysics Data System}
}
@article{Rasio1999,
author = {Rasio, Frederic A. and Shapiro, Stuart L.},
doi = {10.1088/0264-9381/16/6/201},
issn = {0264-9381},
journal = {Classical and Quantum Gravity},
month = Jun,
number = {6},
pages = {R1--R29},
title = {{Coalescing binary neutron stars}},
volume = {16},
year = {1999}
}
@article{Read2013,
	Adsnote = {Provided by the SAO/NASA Astrophysics Data System},
	Adsurl = {http://adsabs.harvard.edu/abs/2013PhRvD..88d4042R},
	Author = {{Read}, J.~S. and {Baiotti}, L. and {Creighton}, J.~D.~E. and {Friedman}, J.~L. and {Giacomazzo}, B. and {Kyutoku}, K. and {Markakis}, C. and {Rezzolla}, L. and {Shibata}, M. and {Taniguchi}, K.},
	Doi = {10.1103/PhysRevD.88.044042},
	Eid = {044042},
	Journal = {Physical Review D},
	Month = Aug,
	Number = 4,
	Pages = {044042},
	Title = {{Matter effects on binary neutron star waveforms}},
	Volume = 88,
	Year = 2013,
	Bdsk-Url-1 = {http://dx.doi.org/10.1103/PhysRevD.88.044042}
}

@inproceedings{Reisenegger2001,
archivePrefix = {arXiv},
arxivId = {astro-ph/astro-ph/0103010},
author = {Reisenegger, A},
booktitle = {Magnetic Fields Across the Hertzsprung-Russell Diagram},
editor = {Mathys, G and Solanki, S.{\~{}}K. and Wickramasinghe, D.{\~{}}T.},
eprint = {astro-ph/0103010},
keywords = {Astrophysics},
month = Jan,
pages = {469},
primaryClass = {astro-ph},
series = {Astronomical Society of the Pacific Conference Series},
title = {{Magnetic Fields of Neutron Stars: an Overview}},
url = {http://arxiv.org/abs/astro-ph/0103010},
volume = {248},
year = {2001}
}


@article{Rezzolla2010,
author = {Rezzolla, Luciano and Baiotti, Luca and Giacomazzo, Bruno and Link, David and Font, Jos{\'{e}} A.},
doi = {10.1088/0264-9381/27/11/114105},
journal = {Classical and Quantum Gravity},
month = Jun,
number = {11},
pages = {114105},
title = {{Accurate evolutions of unequal-mass neutron-star binaries: properties of the torus and short GRB engines}},
url = {http://stacks.iop.org/0264-9381/27/i=11/a=114105?key=crossref.b1708e2cc14750e7f86cf898fda21a79},
volume = {27},
year = {2010}
}

@ARTICLE{Rezzolla2016,
   author = {{Rezzolla}, L. and {Takami}, K.},
    title = "{Gravitational-wave signal from binary neutron stars: A systematic analysis of the spectral properties}",
  journal = {Physical Review D},
     year = 2016,
    month = Jun,
   volume = 93,
   number = 12,
      eid = {124051},
    pages = {124051},
      doi = {10.1103/PhysRevD.93.124051},
   url = {https://journals.aps.org/prd/abstract/10.1103/PhysRevD.93.124051},
  adsnote = {Provided by the SAO/NASA Astrophysics Data System}
}

@article{Rezzolla2018,
author = {Rezzolla, Luciano and Most, Elias R and Weih, Lukas R},
doi = {10.3847/2041-8213/aaa401},
issn = {2041-8213},
journal = {The Astrophysical Journal},
keywords = {Astrophysics - High Energy Astrophysical Phenomen,General Relativity and Quantum Cosmology,equation of state,gravitational waves,methods: analytical,stars: neutron},
month = Jan,
number = {2},
pages = {L25},
title = {{Using Gravitational-wave Observations and Quasi-universal Relations to Constrain the Maximum Mass of Neutron Stars}},
url = {https://iopscience.iop.org/article/10.3847/2041-8213/aaa401},
volume = {852},
year = {2018}
}


@article{Ruiter2019,
author = {Ruiter, A. J. and Ferrario, L. and Belczynski, K. and Seitenzahl, I. R. and Crocker, R. M. and Karakas, A. I.},
doi = {10.1093/mnras/stz001},
eprint = {1802.02437},
issn = {0035-8711},
journal = {Monthly Notices of the Royal Astronomical Society},
keywords = {Binaries: close,Gravitational waves,Stars: evolution,Stars: neutron,White dwarfs,X-rays: binaries},
month = Mar,
number = {1},
pages = {698--711},
publisher = {Oxford University Press},
title = {{On the formation of neutron stars via accretion-induced collapse in binaries}},
url = {https://academic.oup.com/mnras/article/484/1/698/5274134},
volume = {484},
year = {2019}
}


@article{Ruiz2011,
author = {Ruiz, Milton and Hilditch, David and Bernuzzi, Sebastiano},
doi = {10.1103/PhysRevD.83.024025},
issn = {1550-7998},
journal = {Physical Review D},
month = Jan,
number = {2},
pages = {024025},
title = {{Constraint preserving boundary conditions for the Z4c formulation of general relativity}},
url = {https://link.aps.org/doi/10.1103/PhysRevD.83.024025},
volume = {83},
year = {2011}
}


@article{Sarin2020,
author = {Sarin, Nikhil and Lasky, Paul D. and Ashton, Gregory},
doi = {10.1103/PhysRevD.101.063021},
issn = {2470-0010},
journal = {Physical Review D},
month = {mar},
number = {6},
pages = {063021},
title = {{Gravitational waves or deconfined quarks: What causes the premature collapse of neutron stars born in short gamma-ray bursts?}},
url = {http://dx.doi.org/10.1103/PhysRevD.101.063021},
volume = {101},
year = {2020}
}




@article{Sarin2021,
author = {Sarin, Nikhil and Lasky, Paul D.},
doi = {10.1007/s10714-021-02831-1},
isbn = {1071402102},
issn = {0001-7701},
journal = {General Relativity and Gravitation},
keywords = {Binary neutron star mergers,Gamma-ray bursts,Gravitational waves,Kilonovae,Remnants,astronomy,australia ozgrav,binary neutron star mergers,d,gamma-ray bursts,gravitational-waves,kilonovae,lasky,monash university,n,remnants,sarin and p,school of physics and,the,vic 3800},
month = Jun,
number = {6},
pages = {59},
publisher = {Springer US},
title = {{The evolution of binary neutron star post-merger remnants: a review}},
url = {https://link.springer.com/10.1007/s10714-021-02831-1},
volume = {53},
year = {2021}
}



@proceedings{Sasaki1994,
editor = {Sasaki, M},
booktitle = {{Relativistic cosmology}},
publisher = {Universal Academy Press}, 
venue = {Tokyo (Japan)},
url = {http://adsabs.harvard.edu/abs/1994reco.conf.....S},
year = {1994},
isbn = {4-946443-23-1}
}

@article{Sekiguchi2011,
author = {Sekiguchi, Yuichiro and Kiuchi, Kenta and Kyutoku, Koutarou and Shibata, Masaru},
doi = {10.1103/PhysRevLett.107.051102},
issn = {0031-9007},
journal = {Physical Review Letters},
month = Jul,
number = {5},
pages = {051102},
title = {{Gravitational Waves and Neutrino Emission from the Merger of Binary Neutron Stars}},
url = {https://link.aps.org/doi/10.1103/PhysRevLett.107.051102},
volume = {107},
year = {2011}
}



@ARTICLE{Sekiguchi2016,
   author = {{Sekiguchi}, Y. and {Kiuchi}, K. and {Kyutoku}, K. and {Shibata}, M. and 
	{Taniguchi}, K.},
    title = "{Dynamical mass ejection from the merger of asymmetric binary neutron stars: Radiation-hydrodynamics study in general relativity}",
  journal = {\prd},
     year = 2016,
    month = Jun,
   volume = 93,
   number = 12,
      eid = {124046},
    pages = {124046},
      doi = {10.1103/PhysRevD.93.124046},
   adsurl = {http://adsabs.harvard.edu/abs/2016PhRvD..93l4046S},
  adsnote = {Provided by the SAO/NASA Astrophysics Data System}
}

@article{Shibata1992,
author = {Shibata, M. and Nakamura, T. and Oohara, K.-i.},
doi = {10.1143/ptp/88.6.1079},
issn = {0033-068X},
journal = {Progress of Theoretical Physics},
month = Dec,
number = {6},
pages = {1079--1095},
title = {{Coalescence of Spinning Binary Neutron Stars of Equal Mass: 3D Numerical Simulations}},
url = {https://academic.oup.com/ptp/article-lookup/doi/10.1143/ptp/88.6.1079},
volume = {88},
year = {1992}
}




@article{Shapiro2000,
author = {Shapiro, Stuart L.},
doi = {10.1086/317209},
issn = {0004-637X},
journal = {The Astrophysical Journal},
month = Nov,
number = {1},
pages = {397--408},
title = {{Differential Rotation in Neutron Stars: Magnetic Braking and Viscous Damping}},
url = {https://iopscience.iop.org/article/10.1086/317209},
volume = {544},
year = {2000}
}


@article{Shibata1995,
author = {Shibata, Masaru and Nakamura, Takashi},
doi = {10.1103/PhysRevD.52.5428},
issn = {0556-2821},
journal = {Physical Review D},
month = Nov,
number = {10},
pages = {5428--5444},
title = {{Evolution of three-dimensional gravitational waves: Harmonic slicing case}},
url = {https://link.aps.org/doi/10.1103/PhysRevD.52.5428},
volume = {52},
year = {1995}
}


@article{Shibata1999,
author = {Shibata, Masaru},
doi = {10.1143/PTP.101.1199},
issn = {0033-068X},
journal = {Progress of Theoretical Physics},
month = Jun,
number = {6},
pages = {1199--1233},
title = {{Fully General Relativistic Simulation of Merging Binary Clusters: Spatial Gauge Condition}},
url = { https://academic.oup.com/ptp/article-lookup/doi/10.1143/PTP.101.1199},
volume = {101},
year = {1999}
}



@article{Shibata2000bar,
author = {Shibata, Masaru and Baumgarte, Thomas W. and Shapiro, Stuart L.},
doi = {10.1086/309525},
issn = {0004-637X},
journal = {The Astrophysical Journal},
month = Oct,
number = {1},
pages = {453--463},
title = {{The bar{‐}mode instability in differentially rotating neutron stars: simulations in full general relativity}},
url = {http://stacks.iop.org/0004-637X/542/i=1/a=453},
volume = {542},
year = {2000}
}

@article{Shibata2003a,
author = {Shibata, Masaru and Taniguchi, Keisuke and Uryu, Koji},
doi = {10.1103/PhysRevD.68.084020},
journal = {Physical Review D},
number = {8},
pages = {084020},
title = {{Merger of binary neutron stars of unequal mass in full general relativity}},
volume = {68},
year = {2003}
}

@article{Shibata2005,
author = {Shibata, Masaru and Taniguchi, Keisuke and Uryu, Koji},
doi = {10.1103/PhysRevD.71.084021},
issn = {15502368},
journal = {Physical Review D - Particles, Fields, Gravitation and Cosmology},
number = {8},
pages = {1--26},
title = {{Merger of binary neutron stars with realistic equations of state in full general relativity}},
volume = {71},
year = {2005}
}

@article{Shibata2017,
author = {Shibata, Masaru and Kiuchi, Kenta and Sekiguchi, Yu-ichiro},
doi = {10.1103/PhysRevD.95.083005},
issn = {2470-0010},
journal = {Physical Review D},
keywords = {Astrophysics - High Energy Astrophysical Phenomena,Astrophysics - Solar and Stellar Astrophysics,General Relativity and Quantum Cosmology},
month = Apr,
number = {8},
pages = {083005},
title = {{General relativistic viscous hydrodynamics of differentially rotating neutron stars}},
url = {http://link.aps.org/doi/10.1103/PhysRevD.95.083005},
volume = {95},
year = {2017}
}

@article{Shibata2017a,
author = {Shibata, Masaru and Kiuchi, Kenta},
doi = {10.1103/PhysRevD.95.123003},
issn = {2470-0010},
journal = {Physical Review D},
keywords = {Astrophysics - Cosmology and Nongalactic Astrophy,Astrophysics - High Energy Astrophysical Phenomena,Astrophysics - Solar and Stellar Astrophysics,General Relativity and Quantum Cosmology},
month = Jun,
number = {12},
pages = {123003},
title = {{Gravitational waves from remnant massive neutron stars of binary neutron star merger: Viscous hydrodynamics effects}},
url = {http://link.aps.org/doi/10.1103/PhysRevD.95.123003},
volume = {95},
year = {2017}
}




@article{Shibata2019,
author = {Shibata, Masaru and Zhou, Enping and Kiuchi, Kenta and Fujibayashi, Sho},
doi = {10.1103/PhysRevD.100.023015},
issn = {2470-0010},
journal = {Physical Review D},
keywords = {Astrophysics - High Energy Astrophysical Phenomena,General Relativity and Quantum Cosmology,Nuclear Theory},
month = Jul,
number = {2},
pages = {023015},
title = {{Constraint on the maximum mass of neutron stars using GW170817 event}},
url = {http://dx.doi.org/10.1103/PhysRevD.100.023015},
volume = {100},
year = {2019}
}



@article{Siegel2013,
author = {Siegel, Daniel M and Ciolfi, Riccardo and Harte, Abraham I and Rezzolla, Luciano},
doi = {10.1103/PhysRevD.87.121302},
issn = {1550-7998},
journal = {Physical Review D},
keywords = {04.25.D-,95.30.Qd,97.60.Jd,97.60.Lf,Astrophysics - High Energy Astrophysical Phenomen,Astrophysics - Solar and Stellar Astrophysics,Black holes,General Relativity and Quantum Cosmology,Magnetohydrodynamics and plasmas,Neutron stars,Numerical relativity},
month = Jun,
number = {12},
pages = {121302},
title = {{Magnetorotational instability in relativistic hypermassive neutron stars}},
url = {http://dx.doi.org/10.1103/PhysRevD.87.121302},
volume = {87},
year = {2013}
}

@article{Siegel2014,
author = {Siegel, Daniel M. and Ciolfi, Riccardo and Rezzolla, Luciano},
doi = {10.1088/2041-8205/785/1/L6},
issn = {2041-8205},
journal = {The Astrophysical Journal},
keywords = {gamma-ray burst: general,magnetohydrodynamics (MHD),methods: numerical,stars: magnetic field,stars: neutron},
month = {mar},
number = {1},
pages = {L6},
title = {{Magnetically driven winds from differentially rotating neutron stars and X-ray afterglows of short gamma-ray bursts}},
url = {https://iopscience.iop.org/article/10.1088/2041-8205/785/1/L6},
volume = {785},
year = {2014}
}


@article{Smith2020,
author = {Smith, Rory J E and Ashton, Gregory and Vajpeyi, Avi and Talbot, Colm},
doi = {10.1093/mnras/staa2483},
issn = {0035-8711},
journal = {Monthly Notices of the Royal Astronomical Society},
keywords = {gravitational waves,methods: data analysis},
month = sep,
number = {3},
pages = {4492--4502},
publisher = {Oxford University Press},
title = {{Massively parallel Bayesian inference for transient gravitational-wave astronomy}},
url = {https://academic.oup.com/mnras/article/498/3/4492/5894385},
volume = {498},
year = {2020}
}



@article{Speagle2019,
       author = {{Speagle}, Joshua S},
        title = "{dynesty: a dynamic nested sampling package for estimating Bayesian posteriors and evidences}",
  journal = {arXiv e-prints},   
         year = "2019",
        month = Apr,
    archivePrefix = {arXiv},
    eprint = {1904.02180},

      adsnote = {Provided by the SAO/NASA Astrophysics Data System}
}
@ARTICLE{Stergioulas2011,
   author = {{Stergioulas}, N. and {Bauswein}, A. and {Zagkouris}, K. and 
	{Janka}, H.-T.},
    title = "{Gravitational waves and non-axisymmetric oscillation modes in mergers of compact object binaries}",
  journal = {Monthly Notices of the Royal Astronomical Society},
     year = 2011,
    month = Nov,
   volume = 418,
    pages = {427-436},
      doi = {10.1111/j.1365-2966.2011.19493.x},
   adsurl = {http://adsabs.harvard.edu/abs/2011MNRAS.418..427S},
  adsnote = {Provided by the SAO/NASA Astrophysics Data System}
}

@article{Sumiyoshi2020,
author = {Sumiyoshi, Kohsuke and Fujibayashi, Sho and Sekiguchi, Yuichiro and Shibata, Masaru},
doi = {10.3847/1538-4357/abce63},
issn = {1538-4357},
journal = {The Astrophysical Journal},
keywords = {catalogs,editorials,miscellaneous,notices,surveys},
month = Feb,
number = {2},
pages = {92},
title = {{Properties of Neutrino Transfer in a Deformed Remnant of a Neutron Star Merger}},
url = {https://iopscience.iop.org/article/10.3847/1538-4357/abce63},
volume = {907},
year = {2021}
}

@article{Sun2019,
author = {Sun, Ling and Melatos, Andrew},
doi = {10.1103/PhysRevD.99.123003},
issn = {2470-0010},
journal = {Physical Review D},
keywords = {doi:10.1103/PhysRevD.99.123003 url:https://doi.org},
month = Jun,
number = {12},
pages = {123003},
publisher = {American Physical Society},
title = {{Application of hidden Markov model tracking to the search for long-duration transient gravitational waves from the remnant of the binary neutron star merger GW170817}},
url = {https://doi.org/10.1103/PhysRevD.99.123003},
volume = {99},
year = {2019}
}

@article{Suvorova2016,
author = {Suvorova, S. and Sun, L. and Melatos, A. and Moran, W. and Evans, R. J.},
doi = {10.1103/PhysRevD.93.123009},
issn = {2470-0010},
journal = {Physical Review D},
month = Jun,
number = {12},
pages = {123009},
title = {{Hidden Markov model tracking of continuous gravitational waves from a neutron star with wandering spin}},
url = {https://link.aps.org/doi/10.1103/PhysRevD.93.123009},
volume = {93},
year = {2016}
}



@ARTICLE{Takami2014,
   author = {{Takami}, K. and {Rezzolla}, L. and {Baiotti}, L.},
    title = "{Constraining the equation of state of neutron stars from binary mergers}",
  journal = {Physical Review Letters},
     year = 2014,
    month = Aug,
   volume = 113,
   number = 9,
      eid = {091104},
    pages = {091104},
      doi = {10.1103/PhysRevLett.113.091104},
   adsurl = {http://adsabs.harvard.edu/abs/2014PhRvL.113i1104T},
  adsnote = {Provided by the SAO/NASA Astrophysics Data System}
}
@ARTICLE{Takami2015,
   author = {{Takami}, K. and {Rezzolla}, L. and {Baiotti}, L.},
    title = "{Spectral properties of the post-merger gravitational-wave signal from binary neutron stars}",
  journal = {Physical Review D},
     year = 2015,
    month = mar,
   volume = 91,
   number = 6,
      eid = {064001},
    pages = {064001},
      doi = {10.1103/PhysRevD.91.064001},
   adsurl = {http://adsabs.harvard.edu/abs/2015PhRvD..91f4001T},
  adsnote = {Provided by the SAO/NASA Astrophysics Data System}
}

@article{Taylor1982,
author = {Taylor, J. H. and Weisberg, J. M.},
doi = {10.1086/159690},
issn = {0004-637X},
journal = {The Astrophysical Journal},
month = Feb,
number = {23},
pages = {908},
title = {{A new test of general relativity - Gravitational radiation and the binary pulsar PSR 1913+16}},
url = {http://adsabs.harvard.edu/doi/10.1086/159690},
volume = {253},
year = {1982}
}


@article{Thierfelder2011,
author = {Thierfelder, Marcus and Bernuzzi, Sebastiano and Br{\"{u}}gmann, Bernd},
doi = {10.1103/PhysRevD.84.044012},
issn = {1550-7998},
journal = {Physical Review D},
keywords = {04.25.D-,04.30.Db,95.30.Lz,95.30.Sf,Astrophysics - Cosmology and Extragalactic Astrop,Astrophysics - Solar and Stellar Astrophysics,General Relativity and Quantum Cosmology,Hydrodynamics,Numerical relativity,Relativity and gravitation,Wave generation and sources},
month = Aug,
number = {4},
pages = {044012},
title = {{Numerical relativity simulations of binary neutron stars}},
url = {https://link.aps.org/doi/10.1103/PhysRevD.84.044012},
volume = {84},
year = {2011}
}

@article{Thrane2011,
author = {Thrane, Eric and Kandhasamy, Shivaraj and Ott, Christian D. and Anderson, Warren G. and Christensen, Nelson L. and Coughlin, Michael W. and Dorsher, Steven and Giampanis, Stefanos and Mandic, Vuk and Mytidis, Antonis and Prestegard, Tanner and Raffai, Peter and Whiting, Bernard},
doi = {10.1103/PhysRevD.83.083004},
issn = {1550-7998},
journal = {Physical Review D},
month = Apr,
number = {8},
pages = {083004},
title = {{Long gravitational-wave transients and associated detection strategies for a network of terrestrial interferometers}},
url = {https://link.aps.org/doi/10.1103/PhysRevD.83.083004},
volume = {83},
year = {2011}
}

@article{Thrane2019,
author = {Thrane, Eric and Talbot, Colm},
doi = {10.1017/pasa.2019.2},
issn = {1323-3580},
journal = {Publications of the Astronomical Society of Australia},
keywords = {gravitational waves,methods: statistical,stars: black holes,stars: neutron},
month = mar,
number = {2019},
pages = {e010},
title = {{An introduction to Bayesian inference in gravitational-wave astronomy: Parameter estimation, model selection, and hierarchical models}},
url = {https://www.cambridge.org/core/product/identifier/S132335801900002X/type/journal{\_}article},
volume = {36},
year = {2019}
}



@article{Tolman1939,
author = {Tolman, Richard C.},
doi = {10.1103/PhysRev.55.364},
issn = {0031899X},
journal = {Physical Review},
number = {4},
pages = {364--373},
title = {{Static solutions of einstein's field equations for spheres of fluid}},
volume = {55},
year = {1939}
}

@article{Torres-Rivas2019,
author = {Torres-Rivas, Andoni and Chatziioannou, Katerina and Bauswein, Andreas and Clark, James Alexander},
doi = {10.1103/PhysRevD.99.044014},
issn = {2470-0010},
journal = {Physical Review D},
month = Feb,
number = {4},
pages = {044014},
publisher = {American Physical Society},
title = {{Observing the post-merger signal of GW170817-like events with improved gravitational-wave detectors}},
url = {https://doi.org/10.1103/PhysRevD.99.044014 http://arxiv.org/abs/1811.08931 http://dx.doi.org/10.1103/PhysRevD.99.044014 https://link.aps.org/doi/10.1103/PhysRevD.99.044014},
volume = {99},
year = {2019}
}

@article{Troja2017,
author = {Troja, E. and Piro, L. and van Eerten, H. and Wollaeger, R. T. and Im, M. and Fox, O. D. and Butler, N. R. and Cenko, S. B. and Sakamoto, T. and Fryer, C. L. and others},
doi = {10.1038/nature24290},
issn = {0028-0836},
journal = {Nature},
month = Nov,
number = {7678},
pages = {71--74},
title = {{The X-ray counterpart to the gravitational-wave event GW170817}},
url = {http://www.nature.com/articles/nature24290},
volume = {551},
year = {2017}
}



@article{Tsang2019,
author = {Tsang, Ka Wa and Dietrich, Tim and {Van Den Broeck}, Chris},
doi = {10.1103/PhysRevD.100.044047},
issn = {2470-0010},
journal = {Physical Review D},
month = Aug,
number = {4},
pages = {044047},
publisher = {American Physical Society},
title = {{Modeling the postmerger gravitational wave signal and extracting binary properties from future binary neutron star detections}},
url = {https://link.aps.org/doi/10.1103/PhysRevD.100.044047 http://dx.doi.org/10.1103/PhysRevD.100.044047},
volume = {100},
year = {2019}
}

@article{Uryu2012,
author = {Uryū, Kōji and Tsokaros, Antonios},
doi = {10.1103/PhysRevD.85.064014},
issn = {1550-7998},
journal = {Physical Review D},
month = {mar},
number = {6},
pages = {064014},
title = {{New code for equilibriums and quasiequilibrium initial data of compact objects}},
url = {https://link.aps.org/doi/10.1103/PhysRevD.85.064014},
volume = {85},
year = {2012}
}



@article{Viterbi1967,
author = {Viterbi, Andrew J.},
doi = {10.1109/TIT.1967.1054010},
issn = {15579654},
journal = {IEEE Transactions on Information Theory},
number = {2},
pages = {260--269},
title = {{Error Bounds for Convolutional Codes and an Asymptotically Optimum Decoding Algorithm}},
volume = {13},
year = {1967}
}


@article{Vretinaris2019,
author = {Vretinaris, Stamatis and Stergioulas, Nikolaos and Bauswein, Andreas},
doi = {10.1103/PhysRevD.101.084039},
issn = {2470-0010},
journal = {Physical Review D},
month = Apr,
number = {8},
pages = {084039},
title = {{Empirical relations for gravitational-wave asteroseismology of binary neutron star mergers}},
url = {https://link.aps.org/doi/10.1103/PhysRevD.101.084039},
volume = {101},
year = {2020}
}


@article{Tsokaros2015,
author = {Tsokaros, Antonios and Uryū, Kōji and Rezzolla, Luciano},
doi = {10.1103/PhysRevD.91.104030},
issn = {1550-7998},
journal = {Physical Review D},
month = May,
number = {10},
pages = {104030},
title = {{New code for quasiequilibrium initial data of binary neutron stars: Corotating, irrotational, and slowly spinning systems}},
url = {http://arxiv.org/abs/1502.05674 https://link.aps.org/doi/10.1103/PhysRevD.91.104030},
volume = {91},
year = {2015}
}



@article{Weih2018,
author = {Weih, Lukas R and Most, Elias R and Rezzolla, Luciano},
doi = {10.1093/mnrasl/slx178},
issn = {1745-3925},
journal = {Monthly Notices of the Royal Astronomical Society: Letters},
number = {1},
pages = {L126--L130},
title = {{On the stability and maximum mass of differentially rotating relativistic stars}},
volume = {473},
year = {2018}
}

@article{Weisberg2016,
author = {Weisberg, J. M. and Huang, Y.},
doi = {10.3847/0004-637X/829/1/55},
issn = {1538-4357},
journal = {The Astrophysical Journal},
keywords = {16,binaries,binaries: close,close,gravitation,gravitational waves,gz fi les,individual,psr b1913,pulsars,pulsars: individual (PSR B1913+16),supporting material,tar},
month = Sep,
number = {1},
pages = {55},
publisher = {IOP Publishing},
title = {{Relativistic Measurements from Timing the Binary Pulsar PSR B1913+16}},
url = {https://iopscience.iop.org/article/10.3847/0004-637X/829/1/55},
volume = {829},
year = {2016}
}

@article{Yagi2013,
author = {Yagi, Kent and Yunes, Nicol{\'{a}}s},
doi = {10.1103/PhysRevD.88.023009},
issn = {1550-7998},
journal = {Physical Review D},
month = Jul,
number = {2},
pages = {023009},
title = {{I-Love-Q relations in neutron stars and their applications to astrophysics, gravitational waves, and fundamental physics}},
url = {https://link.aps.org/doi/10.1103/PhysRevD.88.023009},
volume = {88},
year = {2013}
}


@article{Yagi2013a,
author = {Yagi, Kent and Yunes, Nicolas},
doi = {10.1126/science.1236462},
issn = {0036-8075},
journal = {Science},
month = Jul,
number = {6144},
pages = {365--368},
title = {{I-Love-Q: Unexpected Universal Relations for Neutron Stars and Quark Stars}},
url = {https://www.sciencemag.org/lookup/doi/10.1126/science.1236462},
volume = {341},
year = {2013}
}




@article{Yakovlev2001,
author = {Yakovlev, D},
doi = {10.1016/S0370-1573(00)00131-9},
issn = {03701573},
journal = {Physics Reports},
keywords = {Cooling,Neutrino emission,Neutron stars},
month = Nov,
number = {1-2},
pages = {1--155},
title = {{Neutrino emission from neutron stars}},
url = {https://linkinghub.elsevier.com/retrieve/pii/S0370157300001319},
volume = {354},
year = {2001}
}

@article{Yu2018,
author = {Yu, Yun-Wei and Liu, Liang-Duan and Dai, Zi-Gao},
doi = {10.3847/1538-4357/aac6e5},
issn = {1538-4357},
journal = {The Astrophysical Journal},
keywords = {Astrophysics - High Energy Astrophysical Phenomen,Astrophysics - Solar and Stellar Astrophysics,High Energy Physics - Phenomenology,Nuclear Theory,gamma-ray burst: general,gravitational waves,stars: neutron},
month = Jul,
number = {2},
pages = {114},
title = {{A long-lived remnant neutron star after GW170817 inferred from its associated kilonova}},
url = {https://iopscience.iop.org/article/10.3847/1538-4357/aac6e5},
volume = {861},
year = {2018}
}

@article{Zappa2018,
author = {Zappa, Francesco and Bernuzzi, Sebastiano and Radice, David and Perego, Albino and Dietrich, Tim},
doi = {10.1103/PhysRevLett.120.111101},
issn = {10797114},
journal = {Physical Review Letters},
number = {11},
pages = {111101},
publisher = {American Physical Society},
title = {{Gravitational-wave luminosity of binary neutron stars mergers}},
url = {https://doi.org/10.1103/PhysRevLett.120.111101},
volume = {120},
year = {2018}
}


@article{Zhang2018,
author = {Zhang, B.-B. and Zhang, B. and Sun, H. and Lei, W.-H. and Gao, H. and Li, Y. and Shao, L. and Zhao, Y. and Hu, Y.-D. and L{\"{u}}, H.-J. and others},
doi = {10.1038/s41467-018-02847-3},
issn = {2041-1723},
journal = {Nature Communications},
month = Dec,
number = {1},
pages = {447},
pmid = {29386633},
title = {{A peculiar low-luminosity short gamma-ray burst from a double neutron star merger progenitor}},
url = {http://www.nature.com/articles/s41467-018-02847-3},
volume = {9},
year = {2018}
}


@article{Zhang2019,
author = {Zhang, Bing},
doi = {10.1007/s11467-019-0913-4},
issn = {2095-0462},
journal = {Frontiers of Physics},
keywords = {gamma-ray bursts: general,gravitational waves},
month = Dec,
number = {6},
pages = {64402},
title = {{The delay time of gravitational wave — gamma-ray burst associations}},
url = {http://link.springer.com/10.1007/s11467-019-0913-4},
volume = {14},
year = {2019}
}

@article{Zhang2021,
author = {Zhang, Teng and Smetana, Jiř{\'{i}} and Chen, Yikang and Bentley, Joe and Martynov, Denis and Miao, Haixing and East, William E and Yang, Huan},
doi = {10.1103/PhysRevD.103.044063},
issn = {2470-0010},
journal = {Physical Review D},
month = Feb,
number = {4},
pages = {044063},
title = {{Toward observing neutron star collapse with gravitational wave detectors}},
volume = {103},
year = {2021}
}

@article{Zhuge1994,
author = {Zhuge, Xing and Centrella, Joan M. and McMillan, Stephen L.W.},
doi = {10.1103/PhysRevD.50.6247},
issn = {05562821},
journal = {Physical Review D},
number = {10},
pages = {6247--6261},
title = {{Gravitational radiation from coalescing binary neutron stars}},
volume = {50},
year = {1994}
}

